<?xml version="1.0" ?><OAI-PMH xmlns="http://www.openarchives.org/OAI/2.0/" xmlns:xsi="http://www.w3.org/2001/XMLSchema-instance" xsi:schemaLocation="http://www.openarchives.org/OAI/2.0/ http://www.openarchives.org/OAI/2.0/OAI-PMH.xsd">
  <responseDate>2024-11-20T18:24:52Z</responseDate>
  <request resumptionToken="1900-01-01@all@UNIGE_ALL@marc21@5986475620005502" verb="ListRecords">https://slsp-unige.alma.exlibrisgroup.com/view/oai/41SLSP_UGE/request</request>
<ListRecords><record><header><identifier>oai:alma.41SLSP_UGE:991000011839705502</identifier><datestamp>2024-06-21T00:09:39Z</datestamp><setSpec>uge_bcen_RapidILL_BOOK</setSpec><setSpec>uge_aaca_RapidILL_BOOK</setSpec><setSpec>uge_abels_RapidILL_BOOK</setSpec><setSpec>uge_dbu_RapidILL_BOOK</setSpec><setSpec>uge_cmu_RapidILL_BOOK</setSpec><setSpec>uge_mail_RapidILL_BOOK</setSpec><setSpec>uge_abbat_RapidILL_BOOK</setSpec><setSpec>UNIGE_ALL</setSpec><setSpec>uge_aobs_RapidILL_BOOK</setSpec><setSpec>uge_acar_RapidILL_BOOK</setSpec></header><metadata>
<record xmlns="http://www.loc.gov/MARC21/slim" xmlns:xsi="http://www.w3.org/2001/XMLSchema-instance" xsi:schemaLocation="http://www.loc.gov/MARC21/slim http://www.loc.gov/standards/marcxml/schema/MARC21slim.xsd"><leader>02318nam a2200505 c 4500</leader><controlfield tag="001">991000011839705502</controlfield><controlfield tag="005">20240620110738.0</controlfield><controlfield tag="008">000909s1994    sz ||||| |||| 00| ||fre d</controlfield><datafield ind1=" " ind2=" " tag="020"><subfield code="a">222584609X</subfield></datafield><datafield ind1=" " ind2=" " tag="035"><subfield code="a">(swissbib)089599616-41slsp_network</subfield></datafield><datafield ind1=" " ind2=" " tag="035"><subfield code="a">089599616</subfield><subfield code="9">ExL</subfield></datafield><datafield ind1=" " ind2=" " tag="035"><subfield code="a">(RERO)1972104-41slsp</subfield></datafield><datafield ind1=" " ind2=" " tag="035"><subfield code="a">(ALEX)bv001242489</subfield></datafield><datafield ind1=" " ind2=" " tag="035"><subfield code="a">(EXLNZ-41SLSP_NETWORK)991134112399705501</subfield></datafield><datafield ind1=" " ind2=" " tag="040"><subfield code="a">RERO gevbpu</subfield><subfield code="d">CH-ZuSLS</subfield></datafield><datafield ind1="1" ind2=" " tag="041"><subfield code="a">fre</subfield><subfield code="h">eng</subfield></datafield><datafield ind1=" " ind2=" " tag="044"><subfield code="a">sz</subfield><subfield code="c">ch-ge</subfield></datafield><datafield ind1=" " ind2="7" tag="072"><subfield code="a">ps</subfield><subfield code="2">rero</subfield></datafield><datafield ind1="1" ind2=" " tag="080"><subfield code="a">616.89-008</subfield></datafield><datafield ind1=" " ind2=" " tag="084"><subfield code="a">A 58 a</subfield><subfield code="2">cjurrom</subfield></datafield><datafield ind1="0" ind2="0" tag="245"><subfield code="a">Troubles mentaux et troubles du comportement</subfield><subfield code="b">critères diagnostiques pour la recherche</subfield><subfield code="c">trad. de l'anglais coordonnée par C.B. Pull</subfield></datafield><datafield ind1="1" ind2=" " tag="246"><subfield code="a">Classification internationale des troubles mentaux et des troubles du comportement</subfield></datafield><datafield ind1="1" ind2=" " tag="246"><subfield code="a">CIM-10/ICD-10</subfield></datafield><datafield ind1=" " ind2="1" tag="264"><subfield code="a">Genève</subfield><subfield code="b">OMS</subfield><subfield code="a">Paris</subfield><subfield code="a">Milan [etc.]</subfield><subfield code="b">Masson</subfield><subfield code="c">1994</subfield></datafield><datafield ind1=" " ind2=" " tag="300"><subfield code="a">XVI, 226 p.</subfield><subfield code="c">24 cm</subfield></datafield><datafield ind1=" " ind2=" " tag="336"><subfield code="b">txt</subfield><subfield code="2">rdacontent</subfield></datafield><datafield ind1=" " ind2=" " tag="337"><subfield code="b">n</subfield><subfield code="2">rdamedia</subfield></datafield><datafield ind1=" " ind2=" " tag="338"><subfield code="b">nc</subfield><subfield code="2">rdacarrier</subfield></datafield><datafield ind1="1" ind2=" " tag="490"><subfield code="a">Classification internationale des maladies : dixième révision</subfield><subfield code="v">chap.5(F)</subfield></datafield><datafield ind1=" " ind2=" " tag="500"><subfield code="a">Traduit de: The ICD-10 classification of mental and behavioural disorders. - Connu sous la désignation de CIM-10 dans le domaine de la psychologie</subfield></datafield><datafield ind1=" " ind2=" " tag="500"><subfield code="a">La couv. porte: Classification internationale des troubles mentaux et des troubles du comportement</subfield></datafield><datafield ind1=" " ind2="2" tag="650"><subfield code="a">Mental Disorders</subfield><subfield code="x">classification</subfield></datafield><datafield ind1=" " ind2="2" tag="650"><subfield code="a">Mental Disorders</subfield><subfield code="x">diagnosis</subfield></datafield><datafield ind1=" " ind2="7" tag="650"><subfield code="a">Geisteskrankheit</subfield><subfield code="9">ger</subfield><subfield code="0">(RERO)jurivoc000009300ger</subfield><subfield code="2">jurivoc</subfield></datafield><datafield ind1=" " ind2="7" tag="650"><subfield code="a">psychisches Leiden</subfield><subfield code="9">ger</subfield><subfield code="0">(RERO)jurivoc000017945ger</subfield><subfield code="2">jurivoc</subfield></datafield><datafield ind1=" " ind2="7" tag="650"><subfield code="a">Psychodiagnostics</subfield><subfield code="0">(IDREF)027872718</subfield><subfield code="2">idref</subfield></datafield><datafield ind1=" " ind2="7" tag="650"><subfield code="a">nosologie psychiatrique</subfield><subfield code="0">(RERO)A010014331</subfield><subfield code="2">rerovoc</subfield></datafield><datafield ind1=" " ind2="7" tag="650"><subfield code="a">Classification</subfield><subfield code="0">(IDREF)02722337X</subfield><subfield code="2">idref</subfield></datafield><datafield ind1=" " ind2="7" tag="650"><subfield code="a">Maladies mentales</subfield><subfield code="x">Classification</subfield><subfield code="0">(IDREF)027490564</subfield><subfield code="2">idref</subfield></datafield><datafield ind1=" " ind2="7" tag="650"><subfield code="a">Psychopathologie</subfield><subfield code="0">(IDREF)027362094</subfield><subfield code="2">idref</subfield></datafield><datafield ind1=" " ind2="7" tag="650"><subfield code="a">Troubles du comportement</subfield><subfield code="0">(IDREF)034237410</subfield><subfield code="2">idref</subfield></datafield><datafield ind1=" " ind2="7" tag="655"><subfield code="a">Wörterbuch</subfield><subfield code="9">ger</subfield><subfield code="2">jurivoc</subfield><subfield code="0">(RERO)jurivoc000026860ger</subfield></datafield><datafield ind1=" " ind2="7" tag="655"><subfield code="a">Manuels d'enseignement</subfield><subfield code="0">(IDREF)027446514</subfield><subfield code="2">idref</subfield></datafield><datafield ind1="1" ind2=" " tag="700"><subfield code="a">Pull, Charles-Bernard</subfield><subfield code="c">psychiatre, psychothérapeute</subfield><subfield code="d">1944-....</subfield><subfield code="0">(IDREF)102189250</subfield></datafield><datafield ind1=" " ind2="0" tag="830"><subfield code="a">Classification internationale des maladies</subfield><subfield code="v">5,F</subfield><subfield code="w">(RERO)1660234-41slsp</subfield></datafield><datafield ind1=" " ind2=" " tag="903"><subfield code="a">RERO-SIGN</subfield><subfield code="5">UNIGE/20240620/asg</subfield></datafield></record>
</metadata></record>