<record><header><identifier>oai:alma.41SLSP_UGE:991000011939705502</identifier><datestamp>2023-03-01T01:08:58Z</datestamp><setSpec>uge_bcen_RapidILL_BOOK</setSpec><setSpec>uge_aaca_RapidILL_BOOK</setSpec><setSpec>uge_abels_RapidILL_BOOK</setSpec><setSpec>uge_dbu_RapidILL_BOOK</setSpec><setSpec>uge_cmu_RapidILL_BOOK</setSpec><setSpec>uge_mail_RapidILL_BOOK</setSpec><setSpec>UNIGE_ALL</setSpec><setSpec>uge_abbat_RapidILL_BOOK</setSpec><setSpec>uge_aobs_RapidILL_BOOK</setSpec><setSpec>uge_acar_RapidILL_BOOK</setSpec></header><metadata>
<record xmlns="http://www.loc.gov/MARC21/slim" xmlns:xsi="http://www.w3.org/2001/XMLSchema-instance" xsi:schemaLocation="http://www.loc.gov/MARC21/slim http://www.loc.gov/standards/marcxml/schema/MARC21slim.xsd"><leader>01510naa a22002897c 4500</leader><controlfield tag="001">991000011939705502</controlfield><controlfield tag="005">20210206202839.0</controlfield><controlfield tag="008">060706s1998    sz ||||| |||| 00| ||eng d</controlfield><datafield ind1=" " ind2=" " tag="035"><subfield code="a">(swissbib)103800190-41slsp_network</subfield></datafield><datafield ind1=" " ind2=" " tag="035"><subfield code="a">103800190</subfield><subfield code="9">ExL</subfield></datafield><datafield ind1=" " ind2=" " tag="035"><subfield code="a">(RERO)R004153135-41slsp</subfield></datafield><datafield ind1=" " ind2=" " tag="035"><subfield code="a">(EXLNZ-41SLSP_NETWORK)991042150089705501</subfield></datafield><datafield ind1=" " ind2=" " tag="040"><subfield code="a">RERO geucui</subfield><subfield code="d">CH-ZuSLS</subfield></datafield><datafield ind1=" " ind2="7" tag="072"><subfield code="a">in</subfield><subfield code="2">rero</subfield></datafield><datafield ind1="0" ind2="0" tag="245"><subfield code="a">&lt;&lt;The&gt;&gt; HUMANOID environment for interactive animation of multiple deformable human characters</subfield><subfield code="c">R. Boulic ... [et al.]</subfield></datafield><datafield ind1=" " ind2=" " tag="336"><subfield code="b">txt</subfield><subfield code="2">rdacontent</subfield></datafield><datafield ind1=" " ind2=" " tag="337"><subfield code="b">n</subfield><subfield code="2">rdamedia</subfield></datafield><datafield ind1=" " ind2=" " tag="338"><subfield code="b">nc</subfield><subfield code="2">rdacarrier</subfield></datafield><datafield ind1=" " ind2=" " tag="508"><subfield code="a">Autre(s) auteur(s): T. Capin, Z. Huang, T. Molet, J. Shen, D. Thalmann, P. Kalra, N. Magnenat-Thalmann, L. Moccozet, I. Pandzic, B. Lintermann, K. Saar, A. Schmitt</subfield></datafield><datafield ind1=" " ind2=" " tag="580"><subfield code="a">In: Virtual humans at MIRALab. - Genève : Univ. de Genève MIRALab Centre Universitaire d'Informatique (CUI), [1998?]. - P. 39-49</subfield></datafield><datafield ind1=" " ind2=" " tag="580"><subfield code="a">Egalement publié dans: Computer graphics forum : journal of the European Association for Computer Graphics. - Amsterdam. - Vol. 14(1995), p. 1-9</subfield></datafield><datafield ind1="1" ind2=" " tag="700"><subfield code="a">Kalra, Prem K.</subfield><subfield code="d">19..-....</subfield><subfield code="0">(IDREF)111479096</subfield></datafield><datafield ind1="1" ind2=" " tag="700"><subfield code="a">Magnenat-Thalmann, Nadia</subfield><subfield code="d">1946-....</subfield><subfield code="0">(IDREF)059765992</subfield></datafield><datafield ind1="1" ind2=" " tag="700"><subfield code="a">Moccozet, Laurent</subfield><subfield code="0">(RERO)A003600344</subfield></datafield><datafield ind1="1" ind2=" " tag="700"><subfield code="a">Pandzic, Igor S.</subfield><subfield code="0">(IDREF)130347892</subfield></datafield><datafield ind1="0" ind2=" " tag="773"><subfield code="t">Computer graphics forum : journal of the European Association for Computer Graphics</subfield><subfield code="g">1995/1</subfield><subfield code="g">yr:1995</subfield><subfield code="w">(RERO)1360138-41slsp</subfield></datafield><datafield ind1="0" ind2=" " tag="773"><subfield code="t">Virtual humans at MIRALab</subfield><subfield code="g">39</subfield><subfield code="w">(RERO)R230799760-41slsp</subfield></datafield><datafield ind1=" " ind2=" " tag="900"><subfield code="a">REROnoselfmerge</subfield></datafield></record>
</metadata></record>