<record><header><identifier>oai:alma.41SLSP_UGE:991000012249705502</identifier><datestamp>2024-01-12T01:20:54Z</datestamp><setSpec>UNIGE_ALL</setSpec></header><metadata>
<record xmlns="http://www.loc.gov/MARC21/slim" xmlns:xsi="http://www.w3.org/2001/XMLSchema-instance" xsi:schemaLocation="http://www.loc.gov/MARC21/slim http://www.loc.gov/standards/marcxml/schema/MARC21slim.xsd"><leader>01074njm a22002897c 4500</leader><controlfield tag="001">991000012249705502</controlfield><controlfield tag="005">20201222195619.0</controlfield><controlfield tag="007">sd b||||||||||</controlfield><controlfield tag="008">110122nuuuuuuuuxx ||n |            eng d</controlfield><datafield ind1="0" ind2="2" tag="028"><subfield code="a">harmonia mundi 901308/901309</subfield></datafield><datafield ind1=" " ind2=" " tag="035"><subfield code="a">(swissbib)113531249-41slsp_network</subfield></datafield><datafield ind1=" " ind2=" " tag="035"><subfield code="a">113531249</subfield><subfield code="9">ExL</subfield></datafield><datafield ind1=" " ind2=" " tag="035"><subfield code="a">(RERO)R006017846-41slsp</subfield></datafield><datafield ind1=" " ind2=" " tag="035"><subfield code="a">(EXLNZ-41SLSP_NETWORK)991000971669705501</subfield></datafield><datafield ind1=" " ind2=" " tag="040"><subfield code="a">RERO geulmu</subfield><subfield code="d">CH-ZuSLS</subfield></datafield><datafield ind1=" " ind2="7" tag="072"><subfield code="a">mu</subfield><subfield code="2">rero</subfield></datafield><datafield ind1="1" ind2=" " tag="100"><subfield code="a">Purcell, Henry</subfield><subfield code="d">1659-1695</subfield><subfield code="0">(IDREF)032411200</subfield><subfield code="4">cre</subfield></datafield><datafield ind1="1" ind2="0" tag="245"><subfield code="a">&lt;&lt;The&gt;&gt; Fairy Queen</subfield><subfield code="c">Henry Purcell</subfield></datafield><datafield ind1=" " ind2="1" tag="264"><subfield code="a">[Lieu de publication non identifié]</subfield><subfield code="b">[éditeur non identifié]</subfield><subfield code="c">[date de publication non identifiée]</subfield></datafield><datafield ind1=" " ind2=" " tag="300"><subfield code="a">1 disque sonore</subfield><subfield code="b">33 t.</subfield></datafield><datafield ind1=" " ind2=" " tag="336"><subfield code="b">prm</subfield><subfield code="2">rdacontent</subfield></datafield><datafield ind1=" " ind2=" " tag="337"><subfield code="b">s</subfield><subfield code="2">rdamedia</subfield></datafield><datafield ind1=" " ind2=" " tag="338"><subfield code="b">sd</subfield><subfield code="2">rdacarrier</subfield></datafield><datafield ind1="0" ind2=" " tag="490"><subfield code="a">Fondation société générale pour la musique</subfield></datafield><datafield ind1=" " ind2=" " tag="500"><subfield code="a">Livret d'après &quot;le songe d'une nuit d'été&quot; de W. Shakespeare</subfield></datafield><datafield ind1="1" ind2=" " tag="700"><subfield code="a">Christie, William</subfield><subfield code="c">chef d'orchestre</subfield><subfield code="d">1944-....</subfield><subfield code="0">(IDREF)029787815</subfield></datafield><datafield ind1="2" ind2=" " tag="710"><subfield code="a">Les Arts florissants</subfield><subfield code="0">(IDREF)050513559</subfield></datafield><datafield ind1=" " ind2=" " tag="900"><subfield code="a">REROnoselfmerge</subfield></datafield><datafield ind1=" " ind2=" " tag="960"><subfield code="2">matmu</subfield><subfield code="a">Angleterre ; XVIIeme ; baroque ; masque ; Shakespeare</subfield><subfield code="9">LOCAL</subfield></datafield></record>
</metadata></record>