<record><header><identifier>oai:alma.41SLSP_UGE:991000011519705502</identifier><datestamp>2023-03-01T01:08:58Z</datestamp><setSpec>uge_bcen_RapidILL_BOOK</setSpec><setSpec>uge_aaca_RapidILL_BOOK</setSpec><setSpec>uge_abels_RapidILL_BOOK</setSpec><setSpec>uge_dbu_RapidILL_BOOK</setSpec><setSpec>uge_cmu_RapidILL_BOOK</setSpec><setSpec>uge_mail_RapidILL_BOOK</setSpec><setSpec>UNIGE_ALL</setSpec><setSpec>uge_abbat_RapidILL_BOOK</setSpec><setSpec>uge_aobs_RapidILL_BOOK</setSpec><setSpec>uge_acar_RapidILL_BOOK</setSpec></header><metadata>
<record xmlns="http://www.loc.gov/MARC21/slim" xmlns:xsi="http://www.w3.org/2001/XMLSchema-instance" xsi:schemaLocation="http://www.loc.gov/MARC21/slim http://www.loc.gov/standards/marcxml/schema/MARC21slim.xsd"><leader>03582nam a2200361 c 4500</leader><controlfield tag="001">991000011519705502</controlfield><controlfield tag="005">20230208204541.0</controlfield><controlfield tag="008">041102s1989    ru ||||| |||| 00| ||rus d</controlfield><datafield ind1=" " ind2=" " tag="020"><subfield code="a">5288003211</subfield></datafield><datafield ind1=" " ind2=" " tag="035"><subfield code="a">(swissbib)101195877-41slsp_network</subfield></datafield><datafield ind1=" " ind2=" " tag="035"><subfield code="a">101195877</subfield><subfield code="9">ExL</subfield></datafield><datafield ind1=" " ind2=" " tag="035"><subfield code="a">(RERO)R003731191-41slsp</subfield></datafield><datafield ind1=" " ind2=" " tag="035"><subfield code="a">(EXLNZ-41SLSP_NETWORK)991119975959705501</subfield></datafield><datafield ind1=" " ind2=" " tag="040"><subfield code="a">RERO geulru</subfield><subfield code="d">CH-ZuSLS</subfield></datafield><datafield ind1=" " ind2="7" tag="072"><subfield code="a">se</subfield><subfield code="2">rero</subfield></datafield><datafield ind1="0" ind2="0" tag="245"><subfield code="6">880-01</subfield><subfield code="a">Russkoe revoli︠u︡t︠s︡ionnoe dvizhenie i problemy razvitii︠a︡ literatury</subfield><subfield code="b">mezhvuzovskiĭ sbornik</subfield><subfield code="c">Leningradskiĭ Gosudarstvennyĭ Universitet ; [otv. red. V.D. Andreev ... et al.]</subfield></datafield><datafield ind1="0" ind2="0" tag="880"><subfield code="6">245-01/(N</subfield><subfield code="a">Русское революционное движение и проблемы развития литературы</subfield><subfield code="b">межвузовский сборник</subfield><subfield code="c">Ленинградский Государственный Университет ; [отв. ред. В.Д. Андреев ... et al.]</subfield></datafield><datafield ind1="1" ind2=" " tag="246"><subfield code="a">Russkoe revoljucionnoe dviženie i problemy razvitija literatury</subfield><subfield code="b">mežvuzovskij sbornik / Leningradskij Gosudarstvennyj Universitet ; [otv. red. V.D. Andreev ... et al.]</subfield></datafield><datafield ind1=" " ind2="1" tag="264"><subfield code="6">880-02</subfield><subfield code="a">Leningrad</subfield><subfield code="b">Izd. Leningradskogo Universiteta</subfield><subfield code="c">1989</subfield></datafield><datafield ind1=" " ind2="1" tag="880"><subfield code="6">264-02/(N</subfield><subfield code="a">Ленинград</subfield><subfield code="b">Изд. Ленинградского Университета</subfield><subfield code="c">1989</subfield></datafield><datafield ind1=" " ind2=" " tag="300"><subfield code="a">184 p.</subfield><subfield code="c">22 cm</subfield></datafield><datafield ind1=" " ind2=" " tag="336"><subfield code="b">txt</subfield><subfield code="2">rdacontent</subfield></datafield><datafield ind1=" " ind2=" " tag="337"><subfield code="b">n</subfield><subfield code="2">rdamedia</subfield></datafield><datafield ind1=" " ind2=" " tag="338"><subfield code="b">nc</subfield><subfield code="2">rdacarrier</subfield></datafield><datafield ind1=" " ind2="7" tag="650"><subfield code="a">Littérature russe</subfield><subfield code="0">(IDREF)027275752</subfield><subfield code="2">idref</subfield></datafield><datafield ind1=" " ind2="7" tag="650"><subfield code="a">1905-1907</subfield><subfield code="2">rero</subfield></datafield><datafield ind1=" " ind2="7" tag="650"><subfield code="a">Révolutions</subfield><subfield code="0">(IDREF)027496554</subfield><subfield code="2">idref</subfield></datafield><datafield ind1=" " ind2="7" tag="651"><subfield code="a">Russie</subfield><subfield code="0">(IDREF)027342395</subfield><subfield code="2">idref</subfield></datafield><datafield ind1=" " ind2="7" tag="655"><subfield code="a">[Études diverses]</subfield><subfield code="0">(RERO)A022249905</subfield><subfield code="2">rero</subfield></datafield><datafield ind1="1" ind2=" " tag="700"><subfield code="6">880-03</subfield><subfield code="a">Andreev, Aleksandr</subfield><subfield code="d">1915-1975</subfield><subfield code="0">(RERO)A005654447</subfield></datafield><datafield ind1="1" ind2=" " tag="880"><subfield code="6">700-03/(N</subfield><subfield code="a">Андреев, Александр Дмитриевич</subfield><subfield code="d">1915-1975</subfield></datafield><datafield ind1="2" ind2=" " tag="710"><subfield code="6">880-04</subfield><subfield code="a">Leningradskij ordena Lenina gosudarstvennyj universitet imeni A. A. Ždanova</subfield><subfield code="0">(IDREF)093588941</subfield></datafield><datafield ind1="2" ind2=" " tag="880"><subfield code="6">710-04/(N</subfield><subfield code="a">Ленинградский государственный университет им. А.А. Жданова</subfield></datafield><datafield ind1=" " ind2=" " tag="900"><subfield code="a">REROnoselfmerge</subfield></datafield></record>
</metadata></record>