<record><header><identifier>oai:alma.41SLSP_UGE:991000011829705502</identifier><datestamp>2023-03-01T01:08:58Z</datestamp><setSpec>uge_cmu_RapidILL_JOURNAL</setSpec><setSpec>uge_aobs_RapidILL_JOURNAL</setSpec><setSpec>uge_aaca_RapidILL_JOURNAL</setSpec><setSpec>uge_bcen_RapidILL_JOURNAL</setSpec><setSpec>uge_abbat_RapidILL_JOURNAL</setSpec><setSpec>uge_dbu_RapidILL_JOURNAL</setSpec><setSpec>uge_mail_RapidILL_JOURNAL</setSpec><setSpec>UNIGE_ALL</setSpec><setSpec>uge_abels_RapidILL_JOURNAL</setSpec><setSpec>uge_acar_RapidILL_JOURNAL</setSpec></header><metadata>
<record xmlns="http://www.loc.gov/MARC21/slim" xmlns:xsi="http://www.w3.org/2001/XMLSchema-instance" xsi:schemaLocation="http://www.loc.gov/MARC21/slim http://www.loc.gov/standards/marcxml/schema/MARC21slim.xsd"><leader>00951nas a2200265 c 4500</leader><controlfield tag="001">991000011829705502</controlfield><controlfield tag="005">20221221200529.0</controlfield><controlfield tag="008">870626c19509999ti || p|  ||| 0    0fre d</controlfield><datafield ind1=" " ind2=" " tag="019"><subfield code="a">Ajout par programme du champ 130 et du code de sous-champ 245 $c</subfield><subfield code="5">SLSP/202212</subfield></datafield><datafield ind1=" " ind2=" " tag="022"><subfield code="a">0496-456X</subfield></datafield><datafield ind1=" " ind2=" " tag="035"><subfield code="a">(swissbib)081870116-41slsp_network</subfield></datafield><datafield ind1=" " ind2=" " tag="035"><subfield code="a">081870116</subfield><subfield code="9">ExL</subfield></datafield><datafield ind1=" " ind2=" " tag="035"><subfield code="a">(RERO)0857809-41slsp</subfield></datafield><datafield ind1=" " ind2=" " tag="035"><subfield code="a">(EXLNZ-41SLSP_NETWORK)991008853229705501</subfield></datafield><datafield ind1=" " ind2=" " tag="040"><subfield code="a">RERO gevmhn</subfield><subfield code="d">CH-ZuSLS</subfield></datafield><datafield ind1="0" ind2=" " tag="041"><subfield code="a">fre</subfield><subfield code="a">eng</subfield></datafield><datafield ind1=" " ind2="7" tag="072"><subfield code="a">st</subfield><subfield code="2">rero</subfield></datafield><datafield ind1="0" ind2=" " tag="130"><subfield code="a">Notes du Service géologique</subfield><subfield code="g">Tunisie. Office national des mines</subfield></datafield><datafield ind1="1" ind2="0" tag="245"><subfield code="a">Notes du Service géologique</subfield><subfield code="c">République tunisienne, Ministère de l'économie nationale, Office national des mines</subfield></datafield><datafield ind1=" " ind2="1" tag="264"><subfield code="a">Tunis</subfield><subfield code="b">Service géologique de Tunisie</subfield></datafield><datafield ind1=" " ind2=" " tag="336"><subfield code="b">txt</subfield><subfield code="2">rdacontent</subfield></datafield><datafield ind1=" " ind2=" " tag="337"><subfield code="b">n</subfield><subfield code="2">rdamedia</subfield></datafield><datafield ind1=" " ind2=" " tag="338"><subfield code="b">nc</subfield><subfield code="2">rdacarrier</subfield></datafield><datafield ind1="0" ind2=" " tag="362"><subfield code="a">1(1950)-</subfield></datafield><datafield ind1="2" ind2=" " tag="710"><subfield code="a">Tunisie</subfield><subfield code="b">Office national des mines</subfield><subfield code="0">(IDREF)244897840</subfield></datafield><datafield ind1=" " ind2=" " tag="900"><subfield code="a">REROnoselfmerge</subfield></datafield></record>
</metadata></record>