<record><header><identifier>oai:alma.41SLSP_UGE:991000011619705502</identifier><datestamp>2023-04-09T00:58:45Z</datestamp><setSpec>uge_bcen_RapidILL_BOOK</setSpec><setSpec>uge_aaca_RapidILL_BOOK</setSpec><setSpec>uge_abels_RapidILL_BOOK</setSpec><setSpec>uge_dbu_RapidILL_BOOK</setSpec><setSpec>uge_cmu_RapidILL_BOOK</setSpec><setSpec>uge_mail_RapidILL_BOOK</setSpec><setSpec>UNIGE_ALL</setSpec><setSpec>uge_abbat_RapidILL_BOOK</setSpec><setSpec>uge_acar_RapidILL_BOOK</setSpec><setSpec>uge_aobs_RapidILL_BOOK</setSpec></header><metadata>
<record xmlns="http://www.loc.gov/MARC21/slim" xmlns:xsi="http://www.w3.org/2001/XMLSchema-instance" xsi:schemaLocation="http://www.loc.gov/MARC21/slim http://www.loc.gov/standards/marcxml/schema/MARC21slim.xsd"><leader>02274nam a2200385 c 4500</leader><controlfield tag="001">991000011619705502</controlfield><controlfield tag="005">20230407191608.0</controlfield><controlfield tag="008">131023s2013    fr ||||| |||| 00| ||fre d</controlfield><datafield ind1=" " ind2=" " tag="020"><subfield code="a">9782353451005</subfield></datafield><datafield ind1="7" ind2=" " tag="024"><subfield code="a">http://catalogue.bnf.fr/ark:/12148/cb437946895</subfield><subfield code="2">uri</subfield></datafield><datafield ind1=" " ind2=" " tag="035"><subfield code="a">(swissbib)118352482-41slsp_network</subfield></datafield><datafield ind1=" " ind2=" " tag="035"><subfield code="a">118352482</subfield><subfield code="9">ExL</subfield></datafield><datafield ind1=" " ind2=" " tag="035"><subfield code="a">(RERO)R007515203-41slsp</subfield></datafield><datafield ind1=" " ind2=" " tag="035"><subfield code="a">(EXLNZ-41SLSP_NETWORK)991117881979705501</subfield></datafield><datafield ind1=" " ind2=" " tag="040"><subfield code="a">RERO labcur</subfield><subfield code="d">CH-ZuSLS</subfield></datafield><datafield ind1=" " ind2="7" tag="072"><subfield code="a">pe</subfield><subfield code="2">rero</subfield></datafield><datafield ind1="1" ind2=" " tag="080"><subfield code="a">372.27</subfield></datafield><datafield ind1="1" ind2=" " tag="100"><subfield code="a">Risso, Béatrice</subfield><subfield code="0">(IDREF)174490887</subfield><subfield code="4">cre</subfield></datafield><datafield ind1="1" ind2="0" tag="245"><subfield code="a">100 idées pour développer la mémoire des enfants</subfield><subfield code="b">[développer des stratégies de mémorisation, exercer la mémoire de travail : les clés de la réussite scolaire]</subfield><subfield code="c">Béatrice Risso</subfield></datafield><datafield ind1="1" ind2=" " tag="246"><subfield code="a">Cent idées pour développer la mémoire des enfants</subfield><subfield code="b">[développer des stratégies de mémorisation, exercer la mémoire de travail : les clés de la réussite scolaire]</subfield></datafield><datafield ind1=" " ind2="1" tag="264"><subfield code="a">Paris</subfield><subfield code="b">Tom pousse</subfield><subfield code="c">2013</subfield></datafield><datafield ind1=" " ind2=" " tag="300"><subfield code="a">201 p.</subfield><subfield code="b">ill.</subfield></datafield><datafield ind1=" " ind2=" " tag="336"><subfield code="b">txt</subfield><subfield code="2">rdacontent</subfield></datafield><datafield ind1=" " ind2=" " tag="337"><subfield code="b">n</subfield><subfield code="2">rdamedia</subfield></datafield><datafield ind1=" " ind2=" " tag="338"><subfield code="b">nc</subfield><subfield code="2">rdacarrier</subfield></datafield><datafield ind1="0" ind2=" " tag="490"><subfield code="a">100 idées</subfield></datafield><datafield ind1="8" ind2=" " tag="520"><subfield code="a">[...] La mémoire n'est pas une, elle est multiple. Quels sont les différents types de mémoires ? Comment fonctionnent-elles ? Comment s'articulent-elles entre elles ? [...] Les troubles de la mémoire existent aussi chez l'enfant. Quels sont-ils ? Quels sont les signes qui permettront aux parents et à l'enseignant d'envisager d'y remédier ? Comment ? À qui s'adresser pour évaluer l'ampleur des troubles et les soins à apporter ? Quels liens entretient la mémoire avec les troubles comme la dyslexie ou la &quot; dyscalculie &quot; ? [...] Comment venir en aide à un enfant ayant des difficultés mnésiques quand on est parent ou enseignant ? (Site de l'éditeur)</subfield><subfield code="5">RERO/njhep-/11.2016/3821</subfield></datafield><datafield ind1=" " ind2="7" tag="650"><subfield code="a">Mémoire</subfield><subfield code="0">(IDREF)027237680</subfield><subfield code="2">idref</subfield></datafield><datafield ind1=" " ind2="7" tag="650"><subfield code="a">Troubles de la mémoire</subfield><subfield code="0">(IDREF)027841200</subfield><subfield code="2">idref</subfield></datafield><datafield ind1=" " ind2="7" tag="650"><subfield code="a">Enfants</subfield><subfield code="0">(IDREF)027233278</subfield><subfield code="2">idref</subfield></datafield><datafield ind1=" " ind2="7" tag="650"><subfield code="a">Mémoire de travail</subfield><subfield code="0">(IDREF)052537714</subfield><subfield code="2">idref</subfield></datafield><datafield ind1=" " ind2="7" tag="650"><subfield code="a">Enseignement primaire</subfield><subfield code="0">(IDREF)027288757</subfield><subfield code="2">idref</subfield></datafield><datafield ind1=" " ind2="7" tag="650"><subfield code="a">Élèves</subfield><subfield code="0">(IDREF)027810828</subfield><subfield code="2">idref</subfield></datafield><datafield ind1=" " ind2="7" tag="650"><subfield code="a">Mémorisation</subfield><subfield code="0">(IDREF)027804526</subfield><subfield code="2">idref</subfield></datafield><datafield ind1=" " ind2="7" tag="655"><subfield code="a">Guides pratiques</subfield><subfield code="0">(IDREF)027790045</subfield><subfield code="2">idref</subfield></datafield><datafield ind1=" " ind2=" " tag="900"><subfield code="a">REROnoselfmerge</subfield></datafield></record>
</metadata></record>