<record><header><identifier>oai:alma.41SLSP_UGE:991000011849705502</identifier><datestamp>2023-09-09T00:44:25Z</datestamp><setSpec>uge_bcen_RapidILL_BOOK</setSpec><setSpec>uge_aaca_RapidILL_BOOK</setSpec><setSpec>uge_abels_RapidILL_BOOK</setSpec><setSpec>uge_dbu_RapidILL_BOOK</setSpec><setSpec>uge_cmu_RapidILL_BOOK</setSpec><setSpec>uge_mail_RapidILL_BOOK</setSpec><setSpec>uge_abbat_RapidILL_BOOK</setSpec><setSpec>UNIGE_ALL</setSpec><setSpec>uge_acar_RapidILL_BOOK</setSpec><setSpec>uge_aobs_RapidILL_BOOK</setSpec></header><metadata>
<record xmlns="http://www.loc.gov/MARC21/slim" xmlns:xsi="http://www.w3.org/2001/XMLSchema-instance" xsi:schemaLocation="http://www.loc.gov/MARC21/slim http://www.loc.gov/standards/marcxml/schema/MARC21slim.xsd"><leader>02005nam a2200409 c 4500</leader><controlfield tag="001">991000011849705502</controlfield><controlfield tag="005">20230908122526.0</controlfield><controlfield tag="008">201011s1999    xxu           10| | eng  </controlfield><datafield ind1=" " ind2=" " tag="020"><subfield code="a">0821810537</subfield><subfield code="q">alk. paper</subfield></datafield><datafield ind1=" " ind2=" " tag="035"><subfield code="a">(swissbib)215118944-41slsp_network</subfield></datafield><datafield ind1=" " ind2=" " tag="035"><subfield code="a">215118944</subfield><subfield code="9">ExL</subfield></datafield><datafield ind1=" " ind2=" " tag="035"><subfield code="a">(NEBIS)003886745EBI01</subfield></datafield><datafield ind1=" " ind2=" " tag="035"><subfield code="a">(RERO)R265724860-41slsp</subfield></datafield><datafield ind1=" " ind2=" " tag="035"><subfield code="a">(EXLNZ-41SLSP_NETWORK)991030255639705501</subfield></datafield><datafield ind1=" " ind2=" " tag="040"><subfield code="a">ETH-BIB</subfield><subfield code="d">CH-ZuSLS</subfield></datafield><datafield ind1=" " ind2="7" tag="072"><subfield code="a">ma</subfield><subfield code="2">rero</subfield></datafield><datafield ind1=" " ind2=" " tag="084"><subfield code="a">20</subfield><subfield code="2">msc</subfield></datafield><datafield ind1="0" ind2="0" tag="245"><subfield code="a">Groups, languages and geometry</subfield><subfield code="b">July 5-9, 1998, Mount Holyoke College</subfield><subfield code="c">1998 AMS-IMS-SIAM Joint Summer Research Conference on Geometric Group Theory and Computer Science ; Robert H. Gilman, ed.</subfield></datafield><datafield ind1=" " ind2="1" tag="264"><subfield code="a">Providence, Rhode Island</subfield><subfield code="b">American Mathematical Society</subfield><subfield code="c">1999</subfield></datafield><datafield ind1=" " ind2="4" tag="264"><subfield code="c">© 1999</subfield></datafield><datafield ind1=" " ind2=" " tag="300"><subfield code="a">IX, 136 p.</subfield><subfield code="c">26 cm</subfield></datafield><datafield ind1=" " ind2=" " tag="336"><subfield code="b">txt</subfield><subfield code="2">rdacontent</subfield></datafield><datafield ind1=" " ind2=" " tag="337"><subfield code="b">n</subfield><subfield code="2">rdamedia</subfield></datafield><datafield ind1=" " ind2=" " tag="338"><subfield code="b">nc</subfield><subfield code="2">rdacarrier</subfield></datafield><datafield ind1="1" ind2=" " tag="490"><subfield code="a">Contemporary mathematics</subfield><subfield code="v">250</subfield></datafield><datafield ind1=" " ind2=" " tag="500"><subfield code="a">Congrès de mathématiques. South Hadley, Mass. 1998</subfield></datafield><datafield ind1=" " ind2="7" tag="650"><subfield code="a">KOMBINATORISCHE GRUPPENTHEORIE (ALGEBRA)</subfield><subfield code="9">ger</subfield><subfield code="0">(ETHUDK)000051592</subfield><subfield code="2">ethudk</subfield></datafield><datafield ind1=" " ind2="7" tag="650"><subfield code="a">NUMERISCHE MATHEMATIK UND COMPUTERANWENDUNGEN IN DER MATHEMATIK</subfield><subfield code="9">ger</subfield><subfield code="0">(ETHUDK)000013635</subfield><subfield code="2">ethudk</subfield></datafield><datafield ind1=" " ind2="7" tag="655"><subfield code="a">Konferenzschrift</subfield><subfield code="z">South Hadley (MA)</subfield><subfield code="y">1998</subfield><subfield code="2">gnd-content</subfield></datafield><datafield ind1="1" ind2=" " tag="700"><subfield code="a">Gilman, Robert H.</subfield><subfield code="d">1942-....</subfield><subfield code="0">(IDREF)075989794</subfield></datafield><datafield ind1="2" ind2=" " tag="710"><subfield code="a">American Mathematical Society</subfield><subfield code="0">(DE-588)6924-3</subfield></datafield><datafield ind1="2" ind2=" " tag="710"><subfield code="a">New York University</subfield><subfield code="b">Institute of Mathematical Sciences</subfield><subfield code="0">(DE-588)1032957-2</subfield></datafield><datafield ind1="2" ind2=" " tag="710"><subfield code="a">Society for Industrial and Applied Mathematics</subfield><subfield code="0">(DE-588)5862-2</subfield></datafield><datafield ind1="2" ind2=" " tag="711"><subfield code="a">AMS-IMS-SIAM joint summer research conference on geometric group theory and computer science</subfield><subfield code="d">1998</subfield><subfield code="c">South Hadley, Mass.</subfield><subfield code="0">(IDREF)077185579</subfield></datafield><datafield ind1="2" ind2=" " tag="711"><subfield code="a">AMS-IMS-SIAM Joint Summer Research Conference in the Mathematical Sciences</subfield><subfield code="0">(DE-588)1091900531</subfield></datafield><datafield ind1=" " ind2=" " tag="830"><subfield code="a">Contemporary mathematics</subfield><subfield code="p">American Mathematical Society</subfield><subfield code="v">250</subfield><subfield code="w">(RERO)0588732-41slsp</subfield></datafield><datafield ind1=" " ind2=" " tag="830"><subfield code="a">Contemporary mathematics</subfield><subfield code="v">250</subfield><subfield code="w">(NEBIS)000016372EBI01</subfield></datafield><datafield ind1=" " ind2=" " tag="900"><subfield code="a">REROnoselfmerge</subfield></datafield></record>
</metadata></record>