<record><header><identifier>oai:alma.41SLSP_UGE:991000011639705502</identifier><datestamp>2023-03-01T01:08:58Z</datestamp><setSpec>uge_bcen_RapidILL_BOOK</setSpec><setSpec>uge_aaca_RapidILL_BOOK</setSpec><setSpec>uge_abels_RapidILL_BOOK</setSpec><setSpec>uge_dbu_RapidILL_BOOK</setSpec><setSpec>uge_cmu_RapidILL_BOOK</setSpec><setSpec>uge_mail_RapidILL_BOOK</setSpec><setSpec>UNIGE_ALL</setSpec><setSpec>uge_abbat_RapidILL_BOOK</setSpec><setSpec>uge_aobs_RapidILL_BOOK</setSpec><setSpec>uge_acar_RapidILL_BOOK</setSpec></header><metadata>
<record xmlns="http://www.loc.gov/MARC21/slim" xmlns:xsi="http://www.w3.org/2001/XMLSchema-instance" xsi:schemaLocation="http://www.loc.gov/MARC21/slim http://www.loc.gov/standards/marcxml/schema/MARC21slim.xsd"><leader>01341nam a2200385 c 4500</leader><controlfield tag="001">991000011639705502</controlfield><controlfield tag="005">20210207202915.0</controlfield><controlfield tag="008">201012s1983    xxu||||| |||| 00| ||eng d</controlfield><datafield ind1=" " ind2=" " tag="020"><subfield code="a">0897662377</subfield><subfield code="q">paper</subfield></datafield><datafield ind1=" " ind2=" " tag="020"><subfield code="a">0897662369</subfield><subfield code="q">cloth</subfield></datafield><datafield ind1=" " ind2=" " tag="035"><subfield code="a">(swissbib)23853541X-41slsp_network</subfield></datafield><datafield ind1=" " ind2=" " tag="035"><subfield code="a">23853541X</subfield><subfield code="9">ExL</subfield></datafield><datafield ind1=" " ind2=" " tag="035"><subfield code="a">(RERO)R235954160-41slsp</subfield></datafield><datafield ind1=" " ind2=" " tag="035"><subfield code="a">(IDSBB)001172734DSV01</subfield></datafield><datafield ind1=" " ind2=" " tag="035"><subfield code="a">(EXLNZ-41SLSP_NETWORK)991121903899705501</subfield></datafield><datafield ind1=" " ind2=" " tag="040"><subfield code="a">RERO geussc</subfield><subfield code="d">CH-ZuSLS</subfield></datafield><datafield ind1=" " ind2="7" tag="072"><subfield code="a">ch</subfield><subfield code="2">rero</subfield></datafield><datafield ind1=" " ind2="7" tag="072"><subfield code="a">ch</subfield><subfield code="2">SzZuIDS BS/BE</subfield></datafield><datafield ind1=" " ind2="7" tag="072"><subfield code="a">bi</subfield><subfield code="2">SzZuIDS BS/BE</subfield></datafield><datafield ind1="1" ind2="4" tag="082"><subfield code="a">570</subfield><subfield code="2">15</subfield></datafield><datafield ind1=" " ind2=" " tag="084"><subfield code="a">TD 7650</subfield><subfield code="2">rvk</subfield></datafield><datafield ind1=" " ind2=" " tag="084"><subfield code="a">WD 5275</subfield><subfield code="2">rvk</subfield></datafield><datafield ind1="0" ind2="0" tag="245"><subfield code="a">Chemistry and biology of α₂-macroglobulin</subfield><subfield code="c">ed. by Richard D. Feinman</subfield></datafield><datafield ind1=" " ind2="1" tag="264"><subfield code="a">New York</subfield><subfield code="b">The New York Academy of Sciences</subfield><subfield code="c">1983</subfield></datafield><datafield ind1=" " ind2=" " tag="300"><subfield code="a">X, 478 p.</subfield><subfield code="b">ill.</subfield><subfield code="c">24 cm</subfield></datafield><datafield ind1=" " ind2=" " tag="336"><subfield code="b">txt</subfield><subfield code="2">rdacontent</subfield></datafield><datafield ind1=" " ind2=" " tag="337"><subfield code="b">n</subfield><subfield code="2">rdamedia</subfield></datafield><datafield ind1=" " ind2=" " tag="338"><subfield code="b">nc</subfield><subfield code="2">rdacarrier</subfield></datafield><datafield ind1="1" ind2=" " tag="490"><subfield code="a">Annals of the New York Academy of Sciences</subfield><subfield code="v">vol. 421</subfield></datafield><datafield ind1=" " ind2="2" tag="650"><subfield code="a">Congresses as Topic</subfield><subfield code="0">(DNLM)D003226</subfield></datafield><datafield ind1=" " ind2="2" tag="650"><subfield code="a">alpha-Macroglobulins</subfield><subfield code="0">(DNLM)D000511</subfield></datafield><datafield ind1="1" ind2=" " tag="700"><subfield code="a">Feinmann, Richard D.</subfield></datafield><datafield ind1="1" ind2=" " tag="700"><subfield code="a">Feinman, Richard D</subfield><subfield code="0">(RERO)A003236215</subfield></datafield><datafield ind1=" " ind2="0" tag="830"><subfield code="a">Annals of the New York Academy of Sciences</subfield><subfield code="v">421</subfield><subfield code="w">(IDSBB)000013339DSV01</subfield></datafield><datafield ind1=" " ind2="0" tag="830"><subfield code="a">Annals of the New York Academy of Sciences</subfield><subfield code="v">421</subfield><subfield code="w">(RERO)0134305-41slsp</subfield></datafield><datafield ind1=" " ind2=" " tag="900"><subfield code="a">REROnoselfmerge</subfield></datafield></record>
</metadata></record>