<record><header><identifier>oai:alma.41SLSP_UGE:991000011429705502</identifier><datestamp>2023-04-14T00:14:06Z</datestamp><setSpec>uge_bcen_RapidILL_BOOK</setSpec><setSpec>uge_aaca_RapidILL_BOOK</setSpec><setSpec>uge_abels_RapidILL_BOOK</setSpec><setSpec>uge_dbu_RapidILL_BOOK</setSpec><setSpec>uge_cmu_RapidILL_BOOK</setSpec><setSpec>uge_mail_RapidILL_BOOK</setSpec><setSpec>uge_abbat_RapidILL_BOOK</setSpec><setSpec>UNIGE_ALL</setSpec><setSpec>uge_aobs_RapidILL_BOOK</setSpec><setSpec>uge_acar_RapidILL_BOOK</setSpec></header><metadata>
<record xmlns="http://www.loc.gov/MARC21/slim" xmlns:xsi="http://www.w3.org/2001/XMLSchema-instance" xsi:schemaLocation="http://www.loc.gov/MARC21/slim http://www.loc.gov/standards/marcxml/schema/MARC21slim.xsd"><leader>02496nam a2200517 c 4500</leader><controlfield tag="001">991000011429705502</controlfield><controlfield tag="005">20230413224933.0</controlfield><controlfield tag="008">201012t20152015nz       |||| 000 f eng| </controlfield><datafield ind1=" " ind2=" " tag="020"><subfield code="a">0143572393</subfield></datafield><datafield ind1=" " ind2=" " tag="020"><subfield code="a">9780143572398</subfield><subfield code="q">pbk</subfield></datafield><datafield ind1=" " ind2=" " tag="035"><subfield code="a">(swissbib)238429423-41slsp_network</subfield></datafield><datafield ind1=" " ind2=" " tag="035"><subfield code="a">238429423</subfield><subfield code="9">ExL</subfield></datafield><datafield ind1=" " ind2=" " tag="035"><subfield code="a">(IDSBB)006699914DSV01</subfield></datafield><datafield ind1=" " ind2=" " tag="035"><subfield code="a">(RERO)R008476179-41slsp</subfield></datafield><datafield ind1=" " ind2=" " tag="035"><subfield code="a">(NEBIS)010467947EBI01</subfield></datafield><datafield ind1=" " ind2=" " tag="035"><subfield code="a">(OCoLC)897839558</subfield><subfield code="z">(OCoLC)922562809</subfield><subfield code="z">(OCoLC)922909595</subfield></datafield><datafield ind1=" " ind2=" " tag="035"><subfield code="a">(EXLNZ-41SLSP_NETWORK)991083305709705501</subfield></datafield><datafield ind1=" " ind2=" " tag="040"><subfield code="a">NZ1</subfield><subfield code="b">ger</subfield><subfield code="e">rda</subfield><subfield code="d">CH-ZuSLS</subfield></datafield><datafield ind1="0" ind2=" " tag="041"><subfield code="a">eng</subfield></datafield><datafield ind1=" " ind2=" " tag="042"><subfield code="a">nznb</subfield></datafield><datafield ind1=" " ind2="4" tag="050"><subfield code="a">PR9639.3.G7</subfield><subfield code="b">C43 2015</subfield></datafield><datafield ind1=" " ind2="7" tag="072"><subfield code="a">an</subfield><subfield code="2">rero</subfield></datafield><datafield ind1="0" ind2="4" tag="082"><subfield code="a">NZ823.2</subfield><subfield code="2">23</subfield></datafield><datafield ind1="1" ind2="4" tag="082"><subfield code="a">820</subfield><subfield code="2">15</subfield></datafield><datafield ind1=" " ind2=" " tag="084"><subfield code="a">B</subfield><subfield code="2">sdnb</subfield></datafield><datafield ind1="1" ind2=" " tag="100"><subfield code="a">Grace, Patricia</subfield><subfield code="d">1937-</subfield><subfield code="0">(DE-588)121290034</subfield><subfield code="4">aut</subfield><subfield code="6">880-01</subfield></datafield><datafield ind1="1" ind2=" " tag="880"><subfield code="6">100-01</subfield><subfield code="a">Grace, Patricia</subfield><subfield code="d">1937-....</subfield><subfield code="0">(IDREF)032021925</subfield><subfield code="4">cre</subfield></datafield><datafield ind1="1" ind2="0" tag="245"><subfield code="a">Chappy</subfield><subfield code="c">Patricia Grace</subfield></datafield><datafield ind1=" " ind2="1" tag="264"><subfield code="a">[Auckland] New Zealand</subfield><subfield code="b">Penguin Books</subfield><subfield code="c">2015</subfield></datafield><datafield ind1=" " ind2="4" tag="264"><subfield code="c">©2015</subfield></datafield><datafield ind1=" " ind2=" " tag="300"><subfield code="a">253 Seiten</subfield><subfield code="c">23 cm</subfield></datafield><datafield ind1=" " ind2=" " tag="336"><subfield code="b">txt</subfield><subfield code="2">rdacontent</subfield></datafield><datafield ind1=" " ind2=" " tag="337"><subfield code="b">n</subfield><subfield code="2">rdamedia</subfield></datafield><datafield ind1=" " ind2=" " tag="338"><subfield code="b">nc</subfield><subfield code="2">rdacarrier</subfield></datafield><datafield ind1=" " ind2=" " tag="520"><subfield code="a">&quot;Uprooted from his privileged European life and sent to New Zealand to sort himself out, twenty-one-year-old Daniel pieces together the history of his Māori family. As his relatives revisit their past, Daniel learns of a remarkable love story between his Māori grandmother Oriwia and his Japanese grandfather Chappy. The more Daniel hears about his deceased grandfather, the more intriguing - and elusive - Chappy becomes. In this touching portrayal of family life, acclaimed writer Patricia Grace explores racial intolerance, cross-cultural conflicts and the universal desire to belong. Spanning several decades and several continents and set against the backdrop of a changing New Zealand, Chappy is a compelling story of enduring love&quot;--Back cover</subfield></datafield><datafield ind1=" " ind2="7" tag="650"><subfield code="a">Roman</subfield><subfield code="0">(DE-588)4050479-7</subfield><subfield code="2">gnd</subfield></datafield><datafield ind1=" " ind2="7" tag="650"><subfield code="a">Englisch</subfield><subfield code="0">(DE-588)4014777-0</subfield><subfield code="2">gnd</subfield></datafield><datafield ind1=" " ind2="0" tag="650"><subfield code="a">Maori (New Zealand people)</subfield><subfield code="v">Fiction</subfield></datafield><datafield ind1=" " ind2="7" tag="650"><subfield code="a">Pakiwaitara</subfield><subfield code="2">reo</subfield></datafield><datafield ind1=" " ind2="7" tag="650"><subfield code="a">Tāngata</subfield><subfield code="2">reo</subfield></datafield><datafield ind1=" " ind2="7" tag="650"><subfield code="a">Whanaungatanga</subfield><subfield code="2">reo</subfield></datafield><datafield ind1=" " ind2="7" tag="655"><subfield code="a">Text</subfield><subfield code="2">gnd</subfield></datafield><datafield ind1=" " ind2="7" tag="655"><subfield code="a">Ausgabe</subfield><subfield code="2">idszbz</subfield></datafield><datafield ind1="4" ind2=" " tag="856"><subfield code="3">Titelblatt und Inhaltsverzeichnis</subfield><subfield code="u">https://toc.library.ethz.ch/objects/pdf03/z01_978-0-14-357239-8_01.pdf</subfield><subfield code="q">pdf</subfield></datafield><datafield ind1=" " ind2=" " tag="900"><subfield code="a">Stoppsignal FRED</subfield></datafield><datafield ind1=" " ind2=" " tag="900"><subfield code="a">IDSZ2zbzmon201509f</subfield><subfield code="c">IDSZ2gehm</subfield><subfield code="d">IDSZ2zbzswk201510b</subfield><subfield code="e">IDSZ2trun</subfield></datafield><datafield ind1=" " ind2=" " tag="949"><subfield code="a">https://toc.library.ethz.ch/objects/pdf03/z01_978-0-14-357239-8_01.pdf</subfield></datafield></record>
</metadata></record>