<record><header><identifier>oai:alma.41SLSP_UGE:991000011949705502</identifier><datestamp>2023-06-20T00:27:01Z</datestamp><setSpec>uge_bcen_RapidILL_BOOK</setSpec><setSpec>uge_aaca_RapidILL_BOOK</setSpec><setSpec>uge_abels_RapidILL_BOOK</setSpec><setSpec>uge_dbu_RapidILL_BOOK</setSpec><setSpec>uge_cmu_RapidILL_BOOK</setSpec><setSpec>uge_mail_RapidILL_BOOK</setSpec><setSpec>uge_abbat_RapidILL_BOOK</setSpec><setSpec>UNIGE_ALL</setSpec><setSpec>uge_aobs_RapidILL_BOOK</setSpec><setSpec>uge_acar_RapidILL_BOOK</setSpec></header><metadata>
<record xmlns="http://www.loc.gov/MARC21/slim" xmlns:xsi="http://www.w3.org/2001/XMLSchema-instance" xsi:schemaLocation="http://www.loc.gov/MARC21/slim http://www.loc.gov/standards/marcxml/schema/MARC21slim.xsd"><leader>01938nam a2200529 c 4500</leader><controlfield tag="001">991000011949705502</controlfield><controlfield tag="005">20230619204041.0</controlfield><controlfield tag="008">201012s1973    xxu||||| |||| 00| ||eng d</controlfield><datafield ind1=" " ind2=" " tag="020"><subfield code="a">0520022017</subfield></datafield><datafield ind1=" " ind2=" " tag="035"><subfield code="a">(swissbib)237951592-41slsp_network</subfield></datafield><datafield ind1=" " ind2=" " tag="035"><subfield code="a">237951592</subfield><subfield code="9">ExL</subfield></datafield><datafield ind1=" " ind2=" " tag="035"><subfield code="a">(RERO)0046504-41slsp</subfield></datafield><datafield ind1=" " ind2=" " tag="035"><subfield code="a">(NEBIS)003305093EBI01</subfield></datafield><datafield ind1=" " ind2=" " tag="035"><subfield code="a">(IDSBB)004870220DSV01</subfield></datafield><datafield ind1=" " ind2=" " tag="035"><subfield code="a">(EXLNZ-41SLSP_NETWORK)991026311109705501</subfield></datafield><datafield ind1=" " ind2=" " tag="040"><subfield code="a">RERO</subfield><subfield code="d">CH-ZuSLS</subfield></datafield><datafield ind1=" " ind2="7" tag="072"><subfield code="a">fm</subfield><subfield code="2">rero</subfield></datafield><datafield ind1="0" ind2="0" tag="082"><subfield code="a">841/.1</subfield></datafield><datafield ind1="0" ind2="4" tag="082"><subfield code="a">841 .1</subfield><subfield code="2">18</subfield></datafield><datafield ind1="0" ind2="4" tag="082"><subfield code="a">841.03</subfield><subfield code="b">D866s</subfield></datafield><datafield ind1="1" ind2="4" tag="082"><subfield code="a">841.1</subfield><subfield code="2">22</subfield></datafield><datafield ind1="1" ind2=" " tag="100"><subfield code="a">Duggan, Joseph John</subfield><subfield code="0">(RERO)A003196190</subfield><subfield code="4">cre</subfield></datafield><datafield ind1="1" ind2="0" tag="245"><subfield code="a">&lt;&lt;The&gt;&gt; Song of Roland</subfield><subfield code="b">formulaic style and poetic craft.</subfield><subfield code="c">[By] Joseph J. Duggan</subfield></datafield><datafield ind1=" " ind2="1" tag="264"><subfield code="a">Berkeley</subfield><subfield code="b">Univ. of California Press</subfield><subfield code="c">1973</subfield></datafield><datafield ind1=" " ind2=" " tag="300"><subfield code="a">226 p.</subfield><subfield code="c">23 cm</subfield></datafield><datafield ind1=" " ind2=" " tag="336"><subfield code="b">txt</subfield><subfield code="2">rdacontent</subfield></datafield><datafield ind1=" " ind2=" " tag="337"><subfield code="b">n</subfield><subfield code="2">rdamedia</subfield></datafield><datafield ind1=" " ind2=" " tag="338"><subfield code="b">nc</subfield><subfield code="2">rdacarrier</subfield></datafield><datafield ind1="1" ind2=" " tag="490"><subfield code="a">Publ. of the UCLA Center for medieval and Renaissance studies</subfield><subfield code="v">6</subfield></datafield><datafield ind1="1" ind2=" " tag="490"><subfield code="a">Center for medieval and Renaissance studies. Contributions</subfield><subfield code="v">6</subfield></datafield><datafield ind1="0" ind2="7" tag="630"><subfield code="a">Chanson de Roland</subfield><subfield code="0">(IDREF)028201264</subfield><subfield code="2">idref</subfield></datafield><datafield ind1="0" ind2="7" tag="630"><subfield code="a">Chanson de Roland</subfield><subfield code="0">(DE-588)4009746-8</subfield><subfield code="2">gnd</subfield></datafield><datafield ind1="0" ind2="0" tag="630"><subfield code="a">Chanson de Roland</subfield></datafield><datafield ind1=" " ind2="7" tag="650"><subfield code="a">style formulaire</subfield><subfield code="0">(RERO)A010154571</subfield><subfield code="2">rerovoc</subfield></datafield><datafield ind1=" " ind2="7" tag="650"><subfield code="a">Chanson de geste</subfield><subfield code="0">(DE-588)4147562-8</subfield><subfield code="2">gnd</subfield></datafield><datafield ind1=" " ind2="0" tag="650"><subfield code="a">Epic poetry, French</subfield><subfield code="x">History and criticism</subfield></datafield><datafield ind1=" " ind2="0" tag="650"><subfield code="a">Oral-formulaic analysis</subfield></datafield><datafield ind1=" " ind2="0" tag="650"><subfield code="a">Oral tradition</subfield><subfield code="z">France</subfield></datafield><datafield ind1=" " ind2="0" tag="650"><subfield code="a">Rhetoric, Medieval</subfield></datafield><datafield ind1=" " ind2="0" tag="650"><subfield code="a">Roland (Legendary character)</subfield><subfield code="x">Romances</subfield><subfield code="x">History and criticism</subfield></datafield><datafield ind1=" " ind2=" " tag="690"><subfield code="a">Chanson de Roland / Geschichte, Kritik</subfield><subfield code="2">uzb-Z9</subfield></datafield><datafield ind1=" " ind2=" " tag="690"><subfield code="a">Baligant</subfield><subfield code="2">uzb-VH</subfield></datafield><datafield ind1=" " ind2=" " tag="690"><subfield code="a">Style formulaire</subfield><subfield code="2">uzb-VH</subfield></datafield><datafield ind1="1" ind2=" " tag="700"><subfield code="a">Duggan, Joseph J.</subfield></datafield><datafield ind1=" " ind2="0" tag="830"><subfield code="a">Contributions</subfield><subfield code="v">6</subfield><subfield code="w">(IDSBB)000476527DSV01</subfield></datafield><datafield ind1=" " ind2="0" tag="830"><subfield code="a">Publications of the Center for Medieval and Renaissance Studies</subfield><subfield code="v">6</subfield><subfield code="w">(RERO)0083949-41slsp</subfield></datafield><datafield ind1=" " ind2=" " tag="900"><subfield code="a">IDSZRMedeaZBZ</subfield></datafield><datafield ind1=" " ind2=" " tag="900"><subfield code="a">IDSU2remark</subfield><subfield code="f">IDSU2medea</subfield></datafield></record>
</metadata></record>