<record><header><identifier>oai:alma.41SLSP_UGE:991000011739705502</identifier><datestamp>2023-03-01T01:08:58Z</datestamp><setSpec>uge_bcen_RapidILL_BOOK</setSpec><setSpec>uge_aaca_RapidILL_BOOK</setSpec><setSpec>uge_abels_RapidILL_BOOK</setSpec><setSpec>uge_dbu_RapidILL_BOOK</setSpec><setSpec>uge_cmu_RapidILL_BOOK</setSpec><setSpec>uge_mail_RapidILL_BOOK</setSpec><setSpec>UNIGE_ALL</setSpec><setSpec>uge_abbat_RapidILL_BOOK</setSpec><setSpec>uge_aobs_RapidILL_BOOK</setSpec><setSpec>uge_acar_RapidILL_BOOK</setSpec></header><metadata>
<record xmlns="http://www.loc.gov/MARC21/slim" xmlns:xsi="http://www.w3.org/2001/XMLSchema-instance" xsi:schemaLocation="http://www.loc.gov/MARC21/slim http://www.loc.gov/standards/marcxml/schema/MARC21slim.xsd"><leader>00891nam a2200253 c 4500</leader><controlfield tag="001">991000011739705502</controlfield><controlfield tag="005">20201227142118.0</controlfield><controlfield tag="008">980401s1997    gw ||||| |||| 00| ||ger d</controlfield><datafield ind1=" " ind2=" " tag="020"><subfield code="a">3791715720</subfield></datafield><datafield ind1=" " ind2=" " tag="035"><subfield code="a">(swissbib)093114095-41slsp_network</subfield></datafield><datafield ind1=" " ind2=" " tag="035"><subfield code="a">093114095</subfield><subfield code="9">ExL</subfield></datafield><datafield ind1=" " ind2=" " tag="035"><subfield code="a">(RERO)R228222360-41slsp</subfield></datafield><datafield ind1=" " ind2=" " tag="035"><subfield code="a">(EXLNZ-41SLSP_NETWORK)991140417669705501</subfield></datafield><datafield ind1=" " ind2=" " tag="040"><subfield code="a">RERO frbcuc</subfield><subfield code="d">CH-ZuSLS</subfield></datafield><datafield ind1=" " ind2="7" tag="072"><subfield code="a">th</subfield><subfield code="2">rero</subfield></datafield><datafield ind1="1" ind2=" " tag="080"><subfield code="a">264(035)</subfield></datafield><datafield ind1="0" ind2="0" tag="245"><subfield code="a">Gottesdienst der Kirche</subfield><subfield code="b">Handbuch der Liturgiewissenschaft</subfield><subfield code="c">hrsg. von Hans Bernard Meyer ... [et al.].</subfield><subfield code="p">Registerband zu Teil 4: Eucharistie / erstellt von Franz Bartunek</subfield></datafield><datafield ind1=" " ind2="1" tag="264"><subfield code="a">Regensburg</subfield><subfield code="b">F. Pustet</subfield><subfield code="c">1997</subfield></datafield><datafield ind1=" " ind2=" " tag="300"><subfield code="a">99 S.</subfield><subfield code="c">24 cm</subfield></datafield><datafield ind1=" " ind2=" " tag="336"><subfield code="b">txt</subfield><subfield code="2">rdacontent</subfield></datafield><datafield ind1=" " ind2=" " tag="337"><subfield code="b">n</subfield><subfield code="2">rdamedia</subfield></datafield><datafield ind1=" " ind2=" " tag="338"><subfield code="b">nc</subfield><subfield code="2">rdacarrier</subfield></datafield><datafield ind1="1" ind2=" " tag="700"><subfield code="a">Bartunek, Franz</subfield><subfield code="0">(RERO)A002973777</subfield></datafield><datafield ind1=" " ind2="0" tag="830"><subfield code="a">Gottesdienst der Kirche : Handbuch der Liturgiewissenschaft</subfield><subfield code="v">4/REG</subfield></datafield><datafield ind1=" " ind2=" " tag="900"><subfield code="a">REROnoselfmerge</subfield></datafield></record>
</metadata></record>