<record><header><identifier>oai:alma.41SLSP_UGE:991000012049705502</identifier><datestamp>2023-03-31T00:20:15Z</datestamp><setSpec>uge_bcen_RapidILL_BOOK</setSpec><setSpec>uge_aaca_RapidILL_BOOK</setSpec><setSpec>uge_abels_RapidILL_BOOK</setSpec><setSpec>uge_dbu_RapidILL_BOOK</setSpec><setSpec>uge_cmu_RapidILL_BOOK</setSpec><setSpec>uge_mail_RapidILL_BOOK</setSpec><setSpec>uge_abbat_RapidILL_BOOK</setSpec><setSpec>UNIGE_ALL</setSpec><setSpec>uge_acar_RapidILL_BOOK</setSpec><setSpec>uge_aobs_RapidILL_BOOK</setSpec></header><metadata>
<record xmlns="http://www.loc.gov/MARC21/slim" xmlns:xsi="http://www.w3.org/2001/XMLSchema-instance" xsi:schemaLocation="http://www.loc.gov/MARC21/slim http://www.loc.gov/standards/marcxml/schema/MARC21slim.xsd"><leader>04488nam a2200709 c 4500</leader><controlfield tag="001">991000012049705502</controlfield><controlfield tag="005">20230330191012.0</controlfield><controlfield tag="008">201011s2011    sz ||||| |||| 00| ||fre d</controlfield><datafield ind1=" " ind2=" " tag="020"><subfield code="a">9782889010363</subfield></datafield><datafield ind1="7" ind2=" " tag="024"><subfield code="a">http://catalogue.bnf.fr/ark:/12148/cb425522340</subfield><subfield code="2">uri</subfield></datafield><datafield ind1=" " ind2=" " tag="035"><subfield code="a">(swissbib)222160101-41slsp_network</subfield></datafield><datafield ind1=" " ind2=" " tag="035"><subfield code="a">222160101</subfield><subfield code="9">ExL</subfield></datafield><datafield ind1=" " ind2=" " tag="035"><subfield code="a">(RERO)R006278168-41slsp</subfield></datafield><datafield ind1=" " ind2=" " tag="035"><subfield code="a">(IDSBB)005667604DSV01</subfield></datafield><datafield ind1=" " ind2=" " tag="035"><subfield code="a">(NEBIS)006621295EBI01</subfield></datafield><datafield ind1=" " ind2=" " tag="035"><subfield code="a">(EXLNZ-41SLSP_NETWORK)991082133149705501</subfield></datafield><datafield ind1=" " ind2=" " tag="040"><subfield code="a">RERO labcur</subfield><subfield code="d">CH-ZuSLS</subfield></datafield><datafield ind1=" " ind2=" " tag="044"><subfield code="a">sz</subfield><subfield code="c">ch-vd</subfield></datafield><datafield ind1=" " ind2="7" tag="072"><subfield code="a">sp</subfield><subfield code="2">rero</subfield></datafield><datafield ind1=" " ind2="7" tag="072"><subfield code="a">po</subfield><subfield code="2">SzZuIDS BS/BE</subfield></datafield><datafield ind1="0" ind2="4" tag="082"><subfield code="a">909</subfield><subfield code="2">22/ger</subfield></datafield><datafield ind1="1" ind2="4" tag="082"><subfield code="a">324.249 4083</subfield><subfield code="2">22</subfield></datafield><datafield ind1="1" ind2="4" tag="082"><subfield code="a">320</subfield><subfield code="2">15</subfield></datafield><datafield ind1="1" ind2=" " tag="100"><subfield code="a">Gottraux, Philippe</subfield><subfield code="0">(IDREF)056935242</subfield><subfield code="4">aut</subfield></datafield><datafield ind1="1" ind2="0" tag="245"><subfield code="a">Militants de l'UDC</subfield><subfield code="b">la diversité sociale et politique des engagés</subfield><subfield code="c">Philippe Gottraux et Cécile Péchu</subfield></datafield><datafield ind1=" " ind2="1" tag="264"><subfield code="a">Lausanne</subfield><subfield code="b">Ed. Antipodes</subfield><subfield code="c">2011</subfield></datafield><datafield ind1=" " ind2=" " tag="300"><subfield code="a">304 p.</subfield></datafield><datafield ind1=" " ind2=" " tag="336"><subfield code="b">txt</subfield><subfield code="2">rdacontent</subfield></datafield><datafield ind1=" " ind2=" " tag="337"><subfield code="b">n</subfield><subfield code="2">rdamedia</subfield></datafield><datafield ind1=" " ind2=" " tag="338"><subfield code="b">nc</subfield><subfield code="2">rdacarrier</subfield></datafield><datafield ind1="0" ind2=" " tag="490"><subfield code="a">Le livre politique - Crapul</subfield></datafield><datafield ind1="8" ind2=" " tag="520"><subfield code="a">Etude des sections cantonales de Genève et Zurich</subfield><subfield code="5">RERO/gecaeg/06.2012</subfield></datafield><datafield ind1="8" ind2=" " tag="520"><subfield code="a">4e de couv.: Beaucoup de choses ont été écrites au sujet de l'Union Démocratique du Centre et de sa progression. Au-delà des commentaires et des analyses électorales, cet ouvrage innove en se penchant sur les militants de ce parti, provenant de deux sections cantonales aux histoires contrastées, Genève et Zurich. Plutôt que de dresser l'irréel portait d'un militant UDC au singulier, ce livre met au jour une diversité de profils militants. Le lecteur aura ainsi l'occasion d'opérer un voyage auprès de plusieurs catégories de militants, non uniquement des personnes appartenant aux catégories populaires; de découvrir les logiques et motifs multiples, parfois décalés par rapport à la ligne officielle du parti, qui conduisent à cet engagement politique. Cet ouvrage remet en cause les interprétations qui attribuent d'abord aux &quot;perdants de la mondialisation&quot;, pris dans des logiques de frustration, la responsabilité du succès de ce parti. En s'appuyant principalement sur une étude par entretiens approfondis, cette analyse va au-delà d'une recherche de causalité simple. Elle restitue la complexité du phénomène, situé au croisement des caractéristiques sociales et idéologiques des personnes, forgées tout au long de leur vie, du contexte politique et de l'offre mobilisatrice du parti. Elle montre tout l'intérêt de mobiliser les méthodes qualitatives et l'étude intensive des engagements pour les saisir véritablement.</subfield><subfield code="5">RERO/neueth/09.2012</subfield></datafield><datafield ind1="2" ind2="7" tag="610"><subfield code="a">Union démocratique du centre (Genève)</subfield><subfield code="0">(RERO)A010161528</subfield><subfield code="2">rero</subfield></datafield><datafield ind1="2" ind2="7" tag="610"><subfield code="a">Schweizerische Volkspartei des Kantons Zürich (Zurich)</subfield><subfield code="0">(RERO)A010201006</subfield><subfield code="2">rero</subfield></datafield><datafield ind1="2" ind2="7" tag="610"><subfield code="a">Schweizerische Volkspartei</subfield><subfield code="0">(DE-588)2108271-6</subfield><subfield code="2">gnd</subfield></datafield><datafield ind1="1" ind2="0" tag="610"><subfield code="a">Schweizerische Volkspartei</subfield><subfield code="x">Membership</subfield><subfield code="x">Research</subfield></datafield><datafield ind1=" " ind2="7" tag="650"><subfield code="a">Militants politiques</subfield><subfield code="0">(IDREF)035461063</subfield><subfield code="2">idref</subfield></datafield><datafield ind1=" " ind2="7" tag="650"><subfield code="a">Militantisme</subfield><subfield code="0">(IDREF)027742997</subfield><subfield code="2">idref</subfield></datafield><datafield ind1=" " ind2="7" tag="650"><subfield code="a">Politische Partei</subfield><subfield code="0">(DE-STW)13397-3</subfield><subfield code="2">stw</subfield></datafield><datafield ind1=" " ind2="7" tag="650"><subfield code="a">Parteimitglied</subfield><subfield code="0">(DE-588)4128825-7</subfield><subfield code="2">gnd</subfield></datafield><datafield ind1=" " ind2="7" tag="650"><subfield code="a">Aktivist</subfield><subfield code="0">(DE-588)4434804-6</subfield><subfield code="2">gnd</subfield></datafield><datafield ind1=" " ind2="7" tag="650"><subfield code="a">Militanz</subfield><subfield code="0">(DE-588)4460684-9</subfield><subfield code="2">gnd</subfield></datafield><datafield ind1=" " ind2="7" tag="650"><subfield code="a">Wähler</subfield><subfield code="0">(DE-588)4064144-2</subfield><subfield code="2">gnd</subfield></datafield><datafield ind1=" " ind2="0" tag="650"><subfield code="a">Party affiliation</subfield><subfield code="z">Switzerland</subfield></datafield><datafield ind1=" " ind2="0" tag="650"><subfield code="a">Political parties</subfield><subfield code="z">Switzerland</subfield></datafield><datafield ind1=" " ind2="7" tag="650"><subfield code="a">CANTON DE GENÈVE (SUISSE)</subfield><subfield code="9">fre</subfield><subfield code="0">(ETHUDK)000005763</subfield><subfield code="2">ethudk</subfield></datafield><datafield ind1=" " ind2="7" tag="650"><subfield code="a">CANTON DE ZURICH (SUISSE)</subfield><subfield code="9">fre</subfield><subfield code="0">(ETHUDK)000005521</subfield><subfield code="2">ethudk</subfield></datafield><datafield ind1=" " ind2="7" tag="650"><subfield code="a">UNION DEMOCRATIQUE DU CENTRE, UDC (SUISSE)</subfield><subfield code="9">fre</subfield><subfield code="0">(ETHUDK)000010258</subfield><subfield code="2">ethudk</subfield></datafield><datafield ind1=" " ind2="7" tag="651"><subfield code="a">Genève (Suisse ; canton)</subfield><subfield code="0">(IDREF)030575257</subfield><subfield code="2">idref</subfield></datafield><datafield ind1=" " ind2="7" tag="651"><subfield code="a">Zurich (Suisse ; canton)</subfield><subfield code="0">(IDREF)028179420</subfield><subfield code="2">idref</subfield></datafield><datafield ind1=" " ind2="7" tag="651"><subfield code="a">Genf</subfield><subfield code="0">(DE-588)4020137-5</subfield><subfield code="2">gnd</subfield></datafield><datafield ind1=" " ind2="7" tag="651"><subfield code="a">Zürich</subfield><subfield code="0">(DE-588)4068038-1</subfield><subfield code="2">gnd</subfield></datafield><datafield ind1=" " ind2="7" tag="651"><subfield code="a">Kanton Genf</subfield><subfield code="0">(DE-588)4020138-7</subfield><subfield code="2">gnd</subfield></datafield><datafield ind1=" " ind2="7" tag="651"><subfield code="a">Kanton Zürich</subfield><subfield code="0">(DE-588)4068041-1</subfield><subfield code="2">gnd</subfield></datafield><datafield ind1=" " ind2="7" tag="655"><subfield code="a">Umfrage</subfield><subfield code="2">gnd-content</subfield></datafield><datafield ind1=" " ind2=" " tag="690"><subfield code="a">Politische Partei</subfield><subfield code="2">ubs-FC</subfield></datafield><datafield ind1="1" ind2=" " tag="700"><subfield code="a">Péchu, Cécile</subfield><subfield code="d">1968-....</subfield><subfield code="0">(IDREF)032107153</subfield><subfield code="4">aut</subfield></datafield><datafield ind1="4" ind2=" " tag="856"><subfield code="3">Titelblatt und Inhaltsverzeichnis</subfield><subfield code="u">https://toc.library.ethz.ch/objects/pdf/z01_978-2-88901-036-3_01.pdf</subfield><subfield code="q">pdf</subfield></datafield><datafield ind1=" " ind2=" " tag="900"><subfield code="a">REROnoselfmerge</subfield></datafield><datafield ind1=" " ind2=" " tag="900"><subfield code="a">IDSZ2zbzmon201203e</subfield><subfield code="c">IDSZ2baeh</subfield><subfield code="d">IDSZ2zbzswk201204b</subfield><subfield code="e">IDSZ2bucp</subfield></datafield><datafield ind1=" " ind2=" " tag="900"><subfield code="a">IDSE5E19ANH-2012</subfield></datafield><datafield ind1=" " ind2=" " tag="949"><subfield code="a">https://toc.library.ethz.ch/objects/pdf/z01_978-2-88901-036-3_01.pdf</subfield></datafield></record>
</metadata></record>