<record><header><identifier>oai:alma.41SLSP_UGE:991000011449705502</identifier><datestamp>2023-03-13T01:06:15Z</datestamp><setSpec>uge_bcen_RapidILL_BOOK</setSpec><setSpec>uge_aaca_RapidILL_BOOK</setSpec><setSpec>uge_abels_RapidILL_BOOK</setSpec><setSpec>uge_dbu_RapidILL_BOOK</setSpec><setSpec>uge_cmu_RapidILL_BOOK</setSpec><setSpec>uge_mail_RapidILL_BOOK</setSpec><setSpec>uge_abbat_RapidILL_BOOK</setSpec><setSpec>UNIGE_ALL</setSpec><setSpec>uge_aobs_RapidILL_BOOK</setSpec><setSpec>uge_acar_RapidILL_BOOK</setSpec></header><metadata>
<record xmlns="http://www.loc.gov/MARC21/slim" xmlns:xsi="http://www.w3.org/2001/XMLSchema-instance" xsi:schemaLocation="http://www.loc.gov/MARC21/slim http://www.loc.gov/standards/marcxml/schema/MARC21slim.xsd"><leader>02891nam a2200637 c 4500</leader><controlfield tag="001">991000011449705502</controlfield><controlfield tag="005">20230312215152.0</controlfield><controlfield tag="008">201011s2000    fr ||||| |||| 10| ||fre d</controlfield><datafield ind1=" " ind2=" " tag="020"><subfield code="a">2878541847</subfield></datafield><datafield ind1="7" ind2=" " tag="024"><subfield code="a">http://catalogue.bnf.fr/ark:/12148/cb37688209m</subfield><subfield code="2">uri</subfield></datafield><datafield ind1=" " ind2=" " tag="035"><subfield code="a">(swissbib)21666473X-41slsp_network</subfield></datafield><datafield ind1=" " ind2=" " tag="035"><subfield code="a">21666473X</subfield><subfield code="9">ExL</subfield></datafield><datafield ind1=" " ind2=" " tag="035"><subfield code="a">(RERO)R003051320-41slsp</subfield></datafield><datafield ind1=" " ind2=" " tag="035"><subfield code="a">(NEBIS)004070075EBI01</subfield></datafield><datafield ind1=" " ind2=" " tag="035"><subfield code="a">(IDSBB)002232128DSV01</subfield></datafield><datafield ind1=" " ind2=" " tag="035"><subfield code="a">(EXLNZ-41SLSP_NETWORK)991155767129705501</subfield></datafield><datafield ind1=" " ind2=" " tag="040"><subfield code="a">RERO geulfr</subfield><subfield code="d">CH-ZuSLS</subfield></datafield><datafield ind1=" " ind2="7" tag="072"><subfield code="a">fr</subfield><subfield code="2">rero</subfield></datafield><datafield ind1=" " ind2="7" tag="072"><subfield code="a">fl</subfield><subfield code="2">SzZuIDS BS/BE</subfield></datafield><datafield ind1="0" ind2="4" tag="082"><subfield code="a">840</subfield></datafield><datafield ind1="1" ind2="4" tag="082"><subfield code="a">840.900 914</subfield><subfield code="2">22</subfield></datafield><datafield ind1="1" ind2="4" tag="082"><subfield code="a">840</subfield><subfield code="2">15</subfield></datafield><datafield ind1="1" ind2="4" tag="082"><subfield code="a">840.914</subfield></datafield><datafield ind1="1" ind2="4" tag="082"><subfield code="a">843.914</subfield></datafield><datafield ind1=" " ind2=" " tag="084"><subfield code="a">IH 1767</subfield><subfield code="2">rvk</subfield></datafield><datafield ind1="0" ind2="0" tag="245"><subfield code="a">&lt;&lt;Les&gt;&gt; Hussards</subfield><subfield code="b">une génération littéraire : actes du colloque international organisé par le Centre de recherches &quot;Etudes sur Nimier et les Hussards&quot;, Sorbonne Nouvelle, 9-11 0ctobre 1997</subfield><subfield code="c">textes réunis par Marc Dambre</subfield></datafield><datafield ind1=" " ind2="1" tag="264"><subfield code="a">Paris</subfield><subfield code="b">Presses de la Sorbonne nouvelle</subfield><subfield code="c">2000</subfield></datafield><datafield ind1=" " ind2=" " tag="300"><subfield code="a">325 p.</subfield><subfield code="c">24 cm</subfield></datafield><datafield ind1=" " ind2=" " tag="336"><subfield code="b">txt</subfield><subfield code="2">rdacontent</subfield></datafield><datafield ind1=" " ind2=" " tag="337"><subfield code="b">n</subfield><subfield code="2">rdamedia</subfield></datafield><datafield ind1=" " ind2=" " tag="338"><subfield code="b">nc</subfield><subfield code="2">rdacarrier</subfield></datafield><datafield ind1="1" ind2="0" tag="600"><subfield code="a">Blondin, Antoine</subfield><subfield code="x">Criticism and interpretation</subfield><subfield code="v">Congresses</subfield></datafield><datafield ind1="1" ind2="0" tag="600"><subfield code="a">Laurent, Jacques</subfield><subfield code="d">1919-2000</subfield><subfield code="x">Criticism and interpretation</subfield><subfield code="v">Congresses</subfield></datafield><datafield ind1="1" ind2="0" tag="600"><subfield code="a">Nimier, Roger</subfield><subfield code="d">1925-1962</subfield><subfield code="x">Criticism and interpretation</subfield><subfield code="v">Congresses</subfield></datafield><datafield ind1="1" ind2="7" tag="600"><subfield code="a">Blondin, Antoine</subfield><subfield code="d">1922-1991</subfield><subfield code="0">(DE-588)119169401</subfield><subfield code="2">gnd</subfield></datafield><datafield ind1="1" ind2="7" tag="600"><subfield code="a">Nimier, Roger</subfield><subfield code="d">1925-1962</subfield><subfield code="0">(DE-588)11874769X</subfield><subfield code="2">gnd</subfield></datafield><datafield ind1="1" ind2="7" tag="600"><subfield code="a">Laurent, Jacques</subfield><subfield code="v">Kongressbericht</subfield><subfield code="2">idsbb</subfield></datafield><datafield ind1="1" ind2="7" tag="600"><subfield code="a">Nimier, Roger</subfield><subfield code="v">Kongressbericht</subfield><subfield code="2">idsbb</subfield></datafield><datafield ind1="1" ind2="7" tag="600"><subfield code="a">Laurent, Jacques</subfield><subfield code="d">1919-2000</subfield><subfield code="0">(DE-588)119001101</subfield><subfield code="2">gnd</subfield></datafield><datafield ind1="1" ind2="7" tag="600"><subfield code="a">Blondin, Antoine</subfield><subfield code="v">Kongressbericht</subfield><subfield code="2">idsbb</subfield></datafield><datafield ind1="2" ind2="7" tag="610"><subfield code="a">&lt;&lt;Les&gt;&gt; Hussards</subfield><subfield code="0">(DE-588)1029250561</subfield><subfield code="2">gnd</subfield></datafield><datafield ind1=" " ind2="7" tag="650"><subfield code="a">Hussards (mouvement littéraire)</subfield><subfield code="0">(IDREF)050186396</subfield><subfield code="2">idref</subfield></datafield><datafield ind1=" " ind2="7" tag="650"><subfield code="a">20e siècle (2e moitié)</subfield><subfield code="0">(RERO)A022488830</subfield><subfield code="2">rero</subfield></datafield><datafield ind1=" " ind2="7" tag="650"><subfield code="a">Literaturproduktion</subfield><subfield code="0">(DE-588)4167882-5</subfield><subfield code="2">gnd</subfield></datafield><datafield ind1=" " ind2="0" tag="650"><subfield code="a">French literature</subfield><subfield code="y">20th century</subfield><subfield code="v">Congresses</subfield></datafield><datafield ind1=" " ind2="0" tag="650"><subfield code="a">French literature</subfield><subfield code="y">20th century</subfield><subfield code="x">History and criticism</subfield><subfield code="v">Congresses</subfield></datafield><datafield ind1=" " ind2="7" tag="651"><subfield code="a">Paris</subfield><subfield code="0">(DE-588)4044660-8</subfield><subfield code="2">gnd</subfield></datafield><datafield ind1=" " ind2="7" tag="655"><subfield code="a">Actes de congrès</subfield><subfield code="0">(IDREF)02886431X</subfield><subfield code="2">idref</subfield></datafield><datafield ind1=" " ind2="7" tag="655"><subfield code="a">Konferenzschrift</subfield><subfield code="2">gnd-content</subfield></datafield><datafield ind1=" " ind2="7" tag="655"><subfield code="a">Konferenzschrift</subfield><subfield code="z">Paris</subfield><subfield code="y">1997</subfield><subfield code="2">gnd-content</subfield></datafield><datafield ind1="1" ind2=" " tag="700"><subfield code="a">Dambre, Marc</subfield><subfield code="0">(DE-588)1022070649</subfield><subfield code="6">880-02</subfield></datafield><datafield ind1="1" ind2=" " tag="880"><subfield code="6">700-02</subfield><subfield code="a">Dambre, Marc</subfield><subfield code="0">(IDREF)026810107</subfield></datafield><datafield ind1="2" ind2=" " tag="710"><subfield code="a">Centre de Recherche Etudes sur Nimier et les Hussards</subfield><subfield code="g">Paris</subfield><subfield code="0">(DE-588)109058332X</subfield></datafield><datafield ind1="2" ind2=" " tag="710"><subfield code="a">Centre de recherches &quot;Études sur Nimier et les Hussards&quot;</subfield><subfield code="g">Paris</subfield><subfield code="0">(DE-588)1086035534</subfield></datafield><datafield ind1="2" ind2=" " tag="710"><subfield code="a">Université de Paris 3</subfield><subfield code="b">Centre de recherche &quot;Etudes sur Nimier et les Hussards&quot;</subfield><subfield code="b">Congrès</subfield><subfield code="d">1997</subfield><subfield code="c">Paris</subfield><subfield code="0">(RERO)A012508084</subfield></datafield><datafield ind1=" " ind2=" " tag="900"><subfield code="a">REROnoselfmerge</subfield></datafield><datafield ind1=" " ind2=" " tag="900"><subfield code="a">IDSZ2zbzmon200105i</subfield><subfield code="c">IDSZ2meyc</subfield><subfield code="d">IDSZ2zbzswk200107b</subfield><subfield code="e">IDSZ2math</subfield></datafield></record>
</metadata></record>