<record><header><identifier>oai:alma.41SLSP_UGE:991000012279705502</identifier><datestamp>2024-05-04T00:45:50Z</datestamp><setSpec>uge_bcen_RapidILL_BOOK</setSpec><setSpec>uge_aaca_RapidILL_BOOK</setSpec><setSpec>uge_abels_RapidILL_BOOK</setSpec><setSpec>uge_dbu_RapidILL_BOOK</setSpec><setSpec>uge_cmu_RapidILL_BOOK</setSpec><setSpec>uge_mail_RapidILL_BOOK</setSpec><setSpec>uge_abbat_RapidILL_BOOK</setSpec><setSpec>UNIGE_ALL</setSpec><setSpec>uge_acar_RapidILL_BOOK</setSpec><setSpec>uge_aobs_RapidILL_BOOK</setSpec></header><metadata>
<record xmlns="http://www.loc.gov/MARC21/slim" xmlns:xsi="http://www.w3.org/2001/XMLSchema-instance" xsi:schemaLocation="http://www.loc.gov/MARC21/slim http://www.loc.gov/standards/marcxml/schema/MARC21slim.xsd"><leader>01514nam a2200361 c 4500</leader><controlfield tag="001">991000012279705502</controlfield><controlfield tag="005">20230329155711.0</controlfield><controlfield tag="008">140605s1960    xr ||||| |||| 00| ||ger d</controlfield><datafield ind1=" " ind2=" " tag="035"><subfield code="a">(swissbib)119866072-41slsp_network</subfield></datafield><datafield ind1=" " ind2=" " tag="035"><subfield code="a">119866072</subfield><subfield code="9">ExL</subfield></datafield><datafield ind1=" " ind2=" " tag="035"><subfield code="a">(RERO)R007759951-41slsp</subfield></datafield><datafield ind1=" " ind2=" " tag="035"><subfield code="a">(EXLNZ-41SLSP_NETWORK)991140859919705501</subfield></datafield><datafield ind1=" " ind2=" " tag="040"><subfield code="a">RERO geullo</subfield><subfield code="b">ger</subfield><subfield code="d">CH-ZuSLS</subfield><subfield code="e">rda</subfield></datafield><datafield ind1=" " ind2="7" tag="072"><subfield code="a">ba</subfield><subfield code="2">rero</subfield></datafield><datafield ind1="0" ind2="0" tag="245"><subfield code="a">Hokusai</subfield><subfield code="b">der vom Malen Besessene</subfield><subfield code="c">mit einer Einleitung von Joe Hloucha und 48 farbigen Reproduktionen nach Photographien von W. Forman</subfield></datafield><datafield ind1=" " ind2=" " tag="250"><subfield code="a">Vierte Auflage</subfield></datafield><datafield ind1=" " ind2="1" tag="264"><subfield code="a">Praha</subfield><subfield code="b">Artia</subfield><subfield code="c">1960</subfield></datafield><datafield ind1=" " ind2=" " tag="300"><subfield code="a">115 Seiten</subfield><subfield code="b">Illustrationen (farbig)</subfield><subfield code="c">26 cm</subfield></datafield><datafield ind1=" " ind2=" " tag="336"><subfield code="b">txt</subfield><subfield code="2">rdacontent</subfield></datafield><datafield ind1=" " ind2=" " tag="337"><subfield code="b">n</subfield><subfield code="2">rdamedia</subfield></datafield><datafield ind1=" " ind2=" " tag="338"><subfield code="b">nc</subfield><subfield code="2">rdacarrier</subfield></datafield><datafield ind1="1" ind2="7" tag="600"><subfield code="a">Katsushika, Hokusai</subfield><subfield code="d">1760-1849</subfield><subfield code="2">gnd</subfield><subfield code="0">(DE-588)118552929</subfield></datafield><datafield ind1=" " ind2="7" tag="650"><subfield code="a">Farbholzschnitt</subfield><subfield code="2">gnd</subfield><subfield code="0">(DE-588)4016461-5</subfield></datafield><datafield ind1=" " ind2="7" tag="650"><subfield code="a">Ukiyo-e</subfield><subfield code="2">gnd</subfield><subfield code="0">(DE-588)4186686-1</subfield></datafield><datafield ind1=" " ind2="7" tag="651"><subfield code="a">Japan</subfield><subfield code="2">gnd</subfield><subfield code="0">(DE-588)4028495-5</subfield></datafield><datafield ind1="1" ind2="7" tag="600"><subfield code="a">Katsushika, Hokusai</subfield><subfield code="d">1760-1849</subfield><subfield code="0">(IDREF)03416958X</subfield><subfield code="2">idref</subfield></datafield><datafield ind1=" " ind2="7" tag="650"><subfield code="a">Estampe japonaise</subfield><subfield code="0">(RERO)A021127012</subfield><subfield code="2">rero</subfield></datafield><datafield ind1="1" ind2=" " tag="700"><subfield code="a">Katsushika, Hokusai</subfield><subfield code="d">1760-1849</subfield><subfield code="6">880-01</subfield><subfield code="0">(IDREF)03416958X</subfield></datafield><datafield ind1="1" ind2=" " tag="880"><subfield code="a">Katsushika, Hokusai</subfield><subfield code="d">1760-1849</subfield><subfield code="6">700-01/(B</subfield><subfield code="4">ill</subfield><subfield code="0">(DE-588)118552929</subfield></datafield><datafield ind1="1" ind2=" " tag="700"><subfield code="6">880-02</subfield><subfield code="a">Forman, Werner</subfield><subfield code="d">1921-2010</subfield><subfield code="0">(IDREF)026869624</subfield></datafield><datafield ind1="1" ind2=" " tag="880"><subfield code="a">Forman, Werner</subfield><subfield code="d">1921-2010</subfield><subfield code="6">700-02/(B</subfield><subfield code="0">(DE-588)104846755</subfield><subfield code="4">pht</subfield></datafield><datafield ind1="1" ind2=" " tag="700"><subfield code="6">880-03</subfield><subfield code="a">Hloucha, Joe</subfield><subfield code="0">(RERO)A006243215</subfield></datafield><datafield ind1="1" ind2=" " tag="880"><subfield code="a">Hloucha, Joe</subfield><subfield code="d">1881-1957</subfield><subfield code="6">700-03/(B</subfield><subfield code="0">(DE-588)129845655</subfield><subfield code="4">win</subfield></datafield><datafield ind1=" " ind2=" " tag="900"><subfield code="a">REROnoselfmerge</subfield></datafield></record>
</metadata></record>