<record><header><identifier>oai:alma.41SLSP_UGE:991000012169705502</identifier><datestamp>2024-04-14T00:13:36Z</datestamp><setSpec>uge_bcen_RapidILL_BOOK</setSpec><setSpec>uge_aaca_RapidILL_BOOK</setSpec><setSpec>uge_abels_RapidILL_BOOK</setSpec><setSpec>uge_dbu_RapidILL_BOOK</setSpec><setSpec>uge_cmu_RapidILL_BOOK</setSpec><setSpec>uge_mail_RapidILL_BOOK</setSpec><setSpec>uge_abbat_RapidILL_BOOK</setSpec><setSpec>UNIGE_ALL</setSpec><setSpec>uge_acar_RapidILL_BOOK</setSpec><setSpec>uge_aobs_RapidILL_BOOK</setSpec></header><metadata>
<record xmlns="http://www.loc.gov/MARC21/slim" xmlns:xsi="http://www.w3.org/2001/XMLSchema-instance" xsi:schemaLocation="http://www.loc.gov/MARC21/slim http://www.loc.gov/standards/marcxml/schema/MARC21slim.xsd"><leader>01466nam a2200385uc 4500</leader><controlfield tag="001">991000012169705502</controlfield><controlfield tag="005">20230619120053.0</controlfield><controlfield tag="008">201011s1989    fr            00| | fre|d</controlfield><datafield ind1=" " ind2=" " tag="020"><subfield code="a">2877720225</subfield></datafield><datafield ind1=" " ind2=" " tag="035"><subfield code="a">(swissbib)223290351-41slsp_network</subfield></datafield><datafield ind1=" " ind2=" " tag="035"><subfield code="a">223290351</subfield><subfield code="9">ExL</subfield></datafield><datafield ind1=" " ind2=" " tag="035"><subfield code="a">(NEBIS)001660330EBI01</subfield></datafield><datafield ind1=" " ind2=" " tag="035"><subfield code="a">(RERO)1160081-41slsp</subfield></datafield><datafield ind1=" " ind2=" " tag="035"><subfield code="a">(EXLNZ-41SLSP_NETWORK)991113350429705501</subfield></datafield><datafield ind1=" " ind2=" " tag="040"><subfield code="a">SLM</subfield><subfield code="b">ger</subfield><subfield code="e">ETHICS-ISBD</subfield><subfield code="d">CH-ZuSLS</subfield></datafield><datafield ind1=" " ind2="7" tag="072"><subfield code="a">ar</subfield><subfield code="2">rero</subfield></datafield><datafield ind1="1" ind2=" " tag="080"><subfield code="a">903(4F):738</subfield></datafield><datafield ind1="1" ind2=" " tag="100"><subfield code="a">Briard, Jacques</subfield><subfield code="d">1933-2002</subfield><subfield code="0">(IDREF)02675245X</subfield><subfield code="4">aut</subfield></datafield><datafield ind1="1" ind2="0" tag="245"><subfield code="a">Chalcolithique et Âge du bronze en France</subfield><subfield code="c">Jacques Briard</subfield></datafield><datafield ind1="1" ind2=" " tag="246"><subfield code="a">&lt;&lt;Le&gt;&gt; Chalcolithique et l'Âge du bronze en France</subfield></datafield><datafield ind1=" " ind2="1" tag="264"><subfield code="a">Paris</subfield><subfield code="b">Errance</subfield><subfield code="c">1989</subfield></datafield><datafield ind1=" " ind2=" " tag="300"><subfield code="a">138 S.</subfield><subfield code="c">25 cm</subfield><subfield code="b">Ill., Kart., Tab.</subfield></datafield><datafield ind1=" " ind2=" " tag="336"><subfield code="b">txt</subfield><subfield code="2">rdacontent</subfield></datafield><datafield ind1=" " ind2=" " tag="337"><subfield code="b">n</subfield><subfield code="2">rdamedia</subfield></datafield><datafield ind1=" " ind2=" " tag="338"><subfield code="b">nc</subfield><subfield code="2">rdacarrier</subfield></datafield><datafield ind1="1" ind2=" " tag="490"><subfield code="a">Poterie et civilisations</subfield><subfield code="v">tome 2</subfield></datafield><datafield ind1=" " ind2=" " tag="500"><subfield code="a">Umschlagtitel: Le Chalcolithique et l'Âge du bronze en France</subfield></datafield><datafield ind1=" " ind2="7" tag="650"><subfield code="a">Céramique</subfield><subfield code="0">(IDREF)027277399</subfield><subfield code="2">idref</subfield></datafield><datafield ind1=" " ind2="7" tag="650"><subfield code="a">2000 av. J.-C.-750 av. J.-C.</subfield><subfield code="2">idref</subfield></datafield><datafield ind1=" " ind2="7" tag="650"><subfield code="a">Chalcolithique</subfield><subfield code="0">(IDREF)027357902</subfield><subfield code="2">idref</subfield></datafield><datafield ind1=" " ind2="7" tag="650"><subfield code="a">Âge du bronze</subfield><subfield code="0">(IDREF)027268691</subfield><subfield code="2">idref</subfield></datafield><datafield ind1=" " ind2="7" tag="651"><subfield code="a">France</subfield><subfield code="0">(IDREF)027226794</subfield><subfield code="2">idref</subfield></datafield><datafield ind1="1" ind2=" " tag="700"><subfield code="a">Querré, Guirec</subfield><subfield code="d">19..-....</subfield><subfield code="0">(IDREF)15972239X</subfield></datafield><datafield ind1="1" ind2=" " tag="800"><subfield code="a">Briard, Jacques</subfield><subfield code="t">Poterie et civilisations</subfield><subfield code="v">2</subfield><subfield code="w">(NEBIS)001660258EBI01</subfield></datafield><datafield ind1="1" ind2=" " tag="800"><subfield code="a">Briard, Jacques</subfield><subfield code="d">1933-2002</subfield><subfield code="t">Poterie et civilisations</subfield><subfield code="v">2</subfield><subfield code="w">(RERO)1160072-41slsp</subfield></datafield><datafield ind1=" " ind2=" " tag="900"><subfield code="a">REROnoselfmerge</subfield></datafield></record>
</metadata></record>