<record><header><identifier>oai:alma.41SLSP_UGE:991000011669705502</identifier><datestamp>2023-06-07T00:11:05Z</datestamp><setSpec>UNIGE_ALL</setSpec></header><metadata>
<record xmlns="http://www.loc.gov/MARC21/slim" xmlns:xsi="http://www.w3.org/2001/XMLSchema-instance" xsi:schemaLocation="http://www.loc.gov/MARC21/slim http://www.loc.gov/standards/marcxml/schema/MARC21slim.xsd"><leader>01253ngm a2200301 c 4500</leader><controlfield tag="001">991000011669705502</controlfield><controlfield tag="005">20230606172509.0</controlfield><controlfield tag="007">vf ||||||</controlfield><controlfield tag="008">001116s1960    fr ||| |          v|fre d</controlfield><datafield ind1=" " ind2=" " tag="035"><subfield code="a">(swissbib)093816979-41slsp_network</subfield></datafield><datafield ind1=" " ind2=" " tag="035"><subfield code="a">093816979</subfield><subfield code="9">ExL</subfield></datafield><datafield ind1=" " ind2=" " tag="035"><subfield code="a">(RERO)R238983260-41slsp</subfield></datafield><datafield ind1=" " ind2=" " tag="035"><subfield code="a">(EXLNZ-41SLSP_NETWORK)991029071919705501</subfield></datafield><datafield ind1=" " ind2=" " tag="040"><subfield code="a">RERO geumed</subfield><subfield code="d">CH-ZuSLS</subfield></datafield><datafield ind1=" " ind2="7" tag="072"><subfield code="a">ps</subfield><subfield code="2">rero</subfield></datafield><datafield ind1="0" ind2="0" tag="245"><subfield code="a">&lt;&lt;Le&gt;&gt; comportement du nourrisson devant le miroir</subfield><subfield code="b">carences relationnelles et niveaux spéculaires</subfield><subfield code="c">réal. par A. Soulairac, S. A. Shentoub ; avec la collab. de E. Jalenques</subfield></datafield><datafield ind1=" " ind2="1" tag="264"><subfield code="a">Paris : Laboratoire de psychologie de l'Hôpital de Maison blanche</subfield><subfield code="b">[prod.]</subfield><subfield code="c">[1960]</subfield></datafield><datafield ind1=" " ind2="4" tag="264"><subfield code="c">© 1960</subfield></datafield><datafield ind1=" " ind2=" " tag="300"><subfield code="a">1 vidéocassette [VHS] (60 min.)</subfield><subfield code="b">noir et blanc PAL</subfield></datafield><datafield ind1=" " ind2=" " tag="336"><subfield code="b">tdi</subfield><subfield code="2">rdacontent</subfield></datafield><datafield ind1=" " ind2=" " tag="337"><subfield code="b">v</subfield><subfield code="2">rdamedia</subfield></datafield><datafield ind1=" " ind2=" " tag="338"><subfield code="b">vf</subfield><subfield code="2">rdacarrier</subfield></datafield><datafield ind1=" " ind2="7" tag="650"><subfield code="a">nourrisson - développement</subfield><subfield code="0">(RERO)A010124339</subfield><subfield code="2">rerovoc</subfield></datafield><datafield ind1=" " ind2="7" tag="650"><subfield code="a">Nourrissons</subfield><subfield code="0">(IDREF)027791467</subfield><subfield code="2">idref</subfield></datafield><datafield ind1=" " ind2="7" tag="650"><subfield code="a">Attitude</subfield><subfield code="0">(IDREF)027489515</subfield><subfield code="2">idref</subfield></datafield><datafield ind1=" " ind2="7" tag="650"><subfield code="a">Perception de soi</subfield><subfield code="0">(IDREF)027488918</subfield><subfield code="2">idref</subfield></datafield><datafield ind1=" " ind2="7" tag="655"><subfield code="a">Vidéocassettes</subfield><subfield code="0">(IDREF)027394417</subfield><subfield code="2">idref</subfield></datafield><datafield ind1="1" ind2=" " tag="700"><subfield code="a">Soulairac, André</subfield><subfield code="d">1913-1994</subfield><subfield code="0">(IDREF)03300837X</subfield></datafield><datafield ind1="1" ind2=" " tag="700"><subfield code="a">Shentoub, Salem A.</subfield><subfield code="c">psychanalyste</subfield><subfield code="d">1917-1990</subfield><subfield code="0">(IDREF)027136604</subfield></datafield></record>
</metadata></record>