<record><header><identifier>oai:alma.41SLSP_UGE:991000012289705502</identifier><datestamp>2023-03-01T01:08:58Z</datestamp><setSpec>uge_bcen_RapidILL_BOOK</setSpec><setSpec>uge_aaca_RapidILL_BOOK</setSpec><setSpec>uge_abels_RapidILL_BOOK</setSpec><setSpec>uge_dbu_RapidILL_BOOK</setSpec><setSpec>uge_cmu_RapidILL_BOOK</setSpec><setSpec>uge_mail_RapidILL_BOOK</setSpec><setSpec>UNIGE_ALL</setSpec><setSpec>uge_abbat_RapidILL_BOOK</setSpec><setSpec>uge_aobs_RapidILL_BOOK</setSpec><setSpec>uge_acar_RapidILL_BOOK</setSpec></header><metadata>
<record xmlns="http://www.loc.gov/MARC21/slim" xmlns:xsi="http://www.w3.org/2001/XMLSchema-instance" xsi:schemaLocation="http://www.loc.gov/MARC21/slim http://www.loc.gov/standards/marcxml/schema/MARC21slim.xsd"><leader>01420nam a2200373 c 4500</leader><controlfield tag="001">991000012289705502</controlfield><controlfield tag="005">20201230224413.0</controlfield><controlfield tag="008">201011s2004    fr ||||| |||| 00| ||fre d</controlfield><datafield ind1=" " ind2=" " tag="020"><subfield code="a">2070422755</subfield></datafield><datafield ind1=" " ind2=" " tag="035"><subfield code="a">(swissbib)224065718-41slsp_network</subfield></datafield><datafield ind1=" " ind2=" " tag="035"><subfield code="a">224065718</subfield><subfield code="9">ExL</subfield></datafield><datafield ind1=" " ind2=" " tag="035"><subfield code="a">(RERO)R003629532-41slsp</subfield></datafield><datafield ind1=" " ind2=" " tag="035"><subfield code="a">(IDSBB)004209624DSV01</subfield></datafield><datafield ind1=" " ind2=" " tag="035"><subfield code="a">(EXLNZ-41SLSP_NETWORK)991125612989705501</subfield></datafield><datafield ind1=" " ind2=" " tag="040"><subfield code="a">RERO geulhg</subfield><subfield code="d">CH-ZuSLS</subfield></datafield><datafield ind1=" " ind2="7" tag="072"><subfield code="a">ht</subfield><subfield code="2">rero</subfield></datafield><datafield ind1=" " ind2="7" tag="072"><subfield code="a">sp</subfield><subfield code="2">rero</subfield></datafield><datafield ind1=" " ind2=" " tag="084"><subfield code="a">IG 2682</subfield><subfield code="2">rvk</subfield></datafield><datafield ind1="1" ind2=" " tag="100"><subfield code="a">Saint-Just, Louis-Antoine-Léon</subfield><subfield code="d">1767-1794</subfield><subfield code="0">(IDREF)026669846</subfield><subfield code="4">cre</subfield></datafield><datafield ind1="1" ind2="0" tag="245"><subfield code="a">Oeuvres complètes</subfield><subfield code="c">Antoine Louis de Saint-Just ; édition établie et présentée par Anne Kupiec et Miguel Abensour. Précédé de &quot;Lire Saint-Just&quot; par Miguel Abensour</subfield></datafield><datafield ind1=" " ind2="1" tag="264"><subfield code="a">[Paris]</subfield><subfield code="b">Gallimard</subfield><subfield code="c">2004</subfield></datafield><datafield ind1=" " ind2=" " tag="300"><subfield code="a">1248 p.</subfield><subfield code="c">18 cm</subfield></datafield><datafield ind1=" " ind2=" " tag="336"><subfield code="b">txt</subfield><subfield code="2">rdacontent</subfield></datafield><datafield ind1=" " ind2=" " tag="337"><subfield code="b">n</subfield><subfield code="2">rdamedia</subfield></datafield><datafield ind1=" " ind2=" " tag="338"><subfield code="b">nc</subfield><subfield code="2">rdacarrier</subfield></datafield><datafield ind1="1" ind2=" " tag="490"><subfield code="a">Collection Folio Histoire</subfield><subfield code="v">131</subfield></datafield><datafield ind1=" " ind2=" " tag="500"><subfield code="a">Index des notions</subfield></datafield><datafield ind1="1" ind2=" " tag="700"><subfield code="a">Saint-Just, Louis Antoine &lt;&lt;de&gt;&gt;</subfield><subfield code="d">1767-1794</subfield><subfield code="0">(DE-588)118604953</subfield></datafield><datafield ind1="1" ind2=" " tag="700"><subfield code="a">Kupiec, Anne</subfield><subfield code="0">(DE-588)134111109</subfield><subfield code="6">880-02</subfield></datafield><datafield ind1="1" ind2=" " tag="880"><subfield code="6">700-02</subfield><subfield code="a">Kupiec, Anne</subfield><subfield code="0">(IDREF)029892678</subfield></datafield><datafield ind1="1" ind2=" " tag="700"><subfield code="a">Abensour, Miguel</subfield><subfield code="0">(RERO)A002904060</subfield></datafield><datafield ind1="1" ind2="2" tag="700"><subfield code="a">Abensour, Miguel</subfield><subfield code="t">Lire Saint-Just</subfield></datafield><datafield ind1=" " ind2=" " tag="830"><subfield code="a">Folio</subfield><subfield code="p">Gallimard</subfield><subfield code="p">Histoire</subfield><subfield code="v">131</subfield><subfield code="w">(RERO)1412520-41slsp</subfield></datafield><datafield ind1=" " ind2=" " tag="830"><subfield code="a">Collection Folio</subfield><subfield code="p">Histoire</subfield><subfield code="v">131</subfield><subfield code="w">(IDSBB)004720029DSV01</subfield></datafield><datafield ind1=" " ind2=" " tag="900"><subfield code="a">REROnoselfmerge</subfield></datafield></record>
</metadata></record>