<record><header><identifier>oai:alma.41SLSP_UGE:991000012179705502</identifier><datestamp>2023-04-11T00:13:32Z</datestamp><setSpec>uge_bcen_RapidILL_BOOK</setSpec><setSpec>uge_aaca_RapidILL_BOOK</setSpec><setSpec>uge_abels_RapidILL_BOOK</setSpec><setSpec>uge_dbu_RapidILL_BOOK</setSpec><setSpec>uge_cmu_RapidILL_BOOK</setSpec><setSpec>uge_mail_RapidILL_BOOK</setSpec><setSpec>uge_abbat_RapidILL_BOOK</setSpec><setSpec>UNIGE_ALL</setSpec><setSpec>uge_acar_RapidILL_BOOK</setSpec><setSpec>uge_aobs_RapidILL_BOOK</setSpec></header><metadata>
<record xmlns="http://www.loc.gov/MARC21/slim" xmlns:xsi="http://www.w3.org/2001/XMLSchema-instance" xsi:schemaLocation="http://www.loc.gov/MARC21/slim http://www.loc.gov/standards/marcxml/schema/MARC21slim.xsd"><leader>01750nam a2200529 c 4500</leader><controlfield tag="001">991000012179705502</controlfield><controlfield tag="005">20230410175412.0</controlfield><controlfield tag="008">201012s1991    ne ||||| |||| 00| ||eng d</controlfield><datafield ind1=" " ind2=" " tag="015"><subfield code="a">92,A13,1059</subfield></datafield><datafield ind1=" " ind2=" " tag="019"><subfield code="a">Bok-Bennema, Reineke (1946-) / Kobe</subfield></datafield><datafield ind1=" " ind2=" " tag="020"><subfield code="a">3110130254</subfield><subfield code="q">Pp.</subfield></datafield><datafield ind1=" " ind2=" " tag="035"><subfield code="a">(swissbib)238108880-41slsp_network</subfield></datafield><datafield ind1=" " ind2=" " tag="035"><subfield code="a">238108880</subfield><subfield code="9">ExL</subfield></datafield><datafield ind1=" " ind2=" " tag="035"><subfield code="a">(RERO)1484518-41slsp</subfield></datafield><datafield ind1=" " ind2=" " tag="035"><subfield code="a">(NEBIS)001199162EBI01</subfield></datafield><datafield ind1=" " ind2=" " tag="035"><subfield code="a">(IDSBB)004936282DSV01</subfield></datafield><datafield ind1=" " ind2=" " tag="035"><subfield code="a">(EXLNZ-41SLSP_NETWORK)991126058509705501</subfield></datafield><datafield ind1=" " ind2=" " tag="040"><subfield code="a">RERO geullg</subfield><subfield code="d">CH-ZuSLS</subfield></datafield><datafield ind1=" " ind2="7" tag="072"><subfield code="a">lg</subfield><subfield code="2">rero</subfield></datafield><datafield ind1="0" ind2="0" tag="082"><subfield code="a">497/.1</subfield><subfield code="2">20</subfield></datafield><datafield ind1="0" ind2="4" tag="082"><subfield code="a">400</subfield></datafield><datafield ind1="1" ind2="4" tag="082"><subfield code="a">497</subfield><subfield code="2">21</subfield></datafield><datafield ind1=" " ind2=" " tag="084"><subfield code="a">EE 1940</subfield><subfield code="2">rvk</subfield></datafield><datafield ind1="1" ind2=" " tag="100"><subfield code="a">Bok-Bennema, Reineke</subfield><subfield code="d">1946-....</subfield><subfield code="0">(IDREF)031485669</subfield><subfield code="4">cre</subfield></datafield><datafield ind1="1" ind2="0" tag="245"><subfield code="a">Case and agreement in Inuit</subfield><subfield code="c">Reineke Bok-Bennema</subfield></datafield><datafield ind1=" " ind2="1" tag="264"><subfield code="a">Berlin</subfield><subfield code="a">New York</subfield><subfield code="b">Foris</subfield><subfield code="c">1991</subfield></datafield><datafield ind1=" " ind2=" " tag="300"><subfield code="a">XX, 307 p.</subfield><subfield code="b">ill.</subfield><subfield code="c">24 cm</subfield></datafield><datafield ind1=" " ind2=" " tag="336"><subfield code="b">txt</subfield><subfield code="2">rdacontent</subfield></datafield><datafield ind1=" " ind2=" " tag="337"><subfield code="b">n</subfield><subfield code="2">rdamedia</subfield></datafield><datafield ind1=" " ind2=" " tag="338"><subfield code="b">nc</subfield><subfield code="2">rdacarrier</subfield></datafield><datafield ind1="1" ind2=" " tag="490"><subfield code="a">Studies in generative grammar</subfield><subfield code="v">38</subfield></datafield><datafield ind1=" " ind2=" " tag="502"><subfield code="a">Zugl.: Brabant, Kath. Univ., Diss.</subfield></datafield><datafield ind1=" " ind2=" " tag="504"><subfield code="a">Literaturverz.</subfield></datafield><datafield ind1=" " ind2="7" tag="650"><subfield code="a">Inuit (langue)</subfield><subfield code="0">(IDREF)034223975</subfield><subfield code="2">idref</subfield></datafield><datafield ind1=" " ind2="7" tag="650"><subfield code="a">Ergatifs</subfield><subfield code="0">(IDREF)029861403</subfield><subfield code="2">idref</subfield></datafield><datafield ind1=" " ind2="7" tag="650"><subfield code="a">Eskimoisch</subfield><subfield code="2">idszbz</subfield></datafield><datafield ind1=" " ind2="7" tag="650"><subfield code="a">Kasus</subfield><subfield code="2">idszbz</subfield></datafield><datafield ind1=" " ind2="7" tag="650"><subfield code="a">Ergativ</subfield><subfield code="0">(DE-588)4152755-0</subfield><subfield code="2">gnd</subfield></datafield><datafield ind1=" " ind2="7" tag="650"><subfield code="a">Eskimoisch</subfield><subfield code="0">(DE-588)4091924-9</subfield><subfield code="2">gnd</subfield></datafield><datafield ind1=" " ind2="7" tag="650"><subfield code="a">Kasus</subfield><subfield code="0">(DE-588)4029910-7</subfield><subfield code="2">gnd</subfield></datafield><datafield ind1=" " ind2="0" tag="650"><subfield code="a">Inuit language</subfield><subfield code="x">Agreement</subfield></datafield><datafield ind1=" " ind2="0" tag="650"><subfield code="a">Inuit language</subfield><subfield code="x">Case</subfield></datafield><datafield ind1=" " ind2="0" tag="650"><subfield code="a">Inuit language</subfield><subfield code="x">Ergative constructions</subfield></datafield><datafield ind1=" " ind2="7" tag="655"><subfield code="a">Hochschulschrift</subfield><subfield code="2">gnd-content</subfield></datafield><datafield ind1=" " ind2=" " tag="690"><subfield code="a">193</subfield><subfield code="d">Grammar - Grammatik</subfield><subfield code="2">uzb-UI</subfield></datafield><datafield ind1=" " ind2=" " tag="690"><subfield code="a">*ND02</subfield><subfield code="d">Eskimo (Inuit)</subfield><subfield code="2">uzb-UI</subfield></datafield><datafield ind1=" " ind2=" " tag="830"><subfield code="a">Studies in generative grammar</subfield><subfield code="v">38</subfield><subfield code="w">(NEBIS)001000538EBI01</subfield></datafield><datafield ind1=" " ind2=" " tag="900"><subfield code="a">REROnoselfmerge</subfield></datafield></record>
</metadata></record>