<record><header><identifier>oai:alma.41SLSP_UGE:991000011659705502</identifier><datestamp>2023-06-06T00:10:33Z</datestamp><setSpec>UNIGE_ALL</setSpec></header><metadata>
<record xmlns="http://www.loc.gov/MARC21/slim" xmlns:xsi="http://www.w3.org/2001/XMLSchema-instance" xsi:schemaLocation="http://www.loc.gov/MARC21/slim http://www.loc.gov/standards/marcxml/schema/MARC21slim.xsd"><leader>01905ngm a2200337 c 4500</leader><controlfield tag="001">991000011659705502</controlfield><controlfield tag="005">20230605205515.0</controlfield><controlfield tag="007">vd |v||||</controlfield><controlfield tag="008">150625s2015    fr ||| |          v|fre d</controlfield><datafield ind1=" " ind2=" " tag="035"><subfield code="a">(swissbib)121732487-41slsp_network</subfield></datafield><datafield ind1=" " ind2=" " tag="035"><subfield code="a">121732487</subfield><subfield code="9">ExL</subfield></datafield><datafield ind1=" " ind2=" " tag="035"><subfield code="a">(RERO)R008183406-41slsp</subfield></datafield><datafield ind1=" " ind2=" " tag="035"><subfield code="a">(EXLNZ-41SLSP_NETWORK)991110994479705501</subfield></datafield><datafield ind1=" " ind2=" " tag="040"><subfield code="a">RERO vsbcvm</subfield><subfield code="d">CH-ZuSLS</subfield></datafield><datafield ind1=" " ind2="7" tag="072"><subfield code="a">am</subfield><subfield code="2">rero</subfield></datafield><datafield ind1=" " ind2="7" tag="072"><subfield code="a">ur</subfield><subfield code="2">rero</subfield></datafield><datafield ind1="0" ind2="0" tag="245"><subfield code="a">&lt;&lt;La&gt;&gt; terre en morceaux</subfield><subfield code="c">réal. Ariane Doublet</subfield></datafield><datafield ind1=" " ind2="1" tag="264"><subfield code="a">[Lieu de publication non identifié]</subfield><subfield code="b">Arte France</subfield><subfield code="b">Quark productions [prod.]</subfield><subfield code="c">2015</subfield></datafield><datafield ind1=" " ind2=" " tag="300"><subfield code="a">1 DVD-R (55 min.)</subfield></datafield><datafield ind1=" " ind2=" " tag="336"><subfield code="b">tdi</subfield><subfield code="2">rdacontent</subfield></datafield><datafield ind1=" " ind2=" " tag="337"><subfield code="b">v</subfield><subfield code="2">rdamedia</subfield></datafield><datafield ind1=" " ind2=" " tag="338"><subfield code="b">vd</subfield><subfield code="2">rdacarrier</subfield></datafield><datafield ind1=" " ind2=" " tag="500"><subfield code="a">Diffusé le 05.06.2015 sur Arte</subfield></datafield><datafield ind1="8" ind2=" " tag="520"><subfield code="a">&quot;La France des zones urbaines et d'activité dévore celle des terres agricoles, plus chères que jamais. Un pan de la France meurt en silence. Alors que la ville avance et apporte le béton, les terres agricoles disparaissent à grande vitesse : l'équivalent d'un département français est rayé de la carte tous les sept ans - 26 m2 par seconde selon le syndicat des jeunes agriculteurs ! Cette raréfaction coïncide avec celle des petites exploitations familiales, prises en tenailles entre le développement des zones urbaines et la croissance exponentielle d'exploitants investissant à tout va. L'hypothèse d'une agriculture financiarisée et sans agriculteurs se dessine.&quot; cf Arte.tv</subfield><subfield code="5">RERO/geumem/07.2015</subfield></datafield><datafield ind1=" " ind2="7" tag="650"><subfield code="a">Zones de cultures</subfield><subfield code="0">(IDREF)027837475</subfield><subfield code="2">idref</subfield></datafield><datafield ind1=" " ind2="7" tag="650"><subfield code="a">Petites exploitations agricoles</subfield><subfield code="0">(IDREF)027773574</subfield><subfield code="2">idref</subfield></datafield><datafield ind1=" " ind2="7" tag="650"><subfield code="a">Grandes exploitations agricoles</subfield><subfield code="0">(IDREF)028095197</subfield><subfield code="2">idref</subfield></datafield><datafield ind1=" " ind2="7" tag="650"><subfield code="a">Urbanisation</subfield><subfield code="0">(IDREF)027255034</subfield><subfield code="2">idref</subfield></datafield><datafield ind1=" " ind2="7" tag="650"><subfield code="a">Agriculture</subfield><subfield code="0">(IDREF)027269892</subfield><subfield code="2">idref</subfield></datafield><datafield ind1=" " ind2="7" tag="651"><subfield code="a">France</subfield><subfield code="0">(IDREF)027226794</subfield><subfield code="2">idref</subfield></datafield><datafield ind1=" " ind2="7" tag="655"><subfield code="a">DVD</subfield><subfield code="0">(IDREF)035108444</subfield><subfield code="2">idref</subfield></datafield><datafield ind1="1" ind2=" " tag="700"><subfield code="a">Doublet, Ariane</subfield><subfield code="d">1965-....</subfield><subfield code="0">(IDREF)076049736</subfield></datafield></record>
</metadata></record>