<record><header><identifier>oai:alma.41SLSP_UGE:991000012099705502</identifier><datestamp>2023-06-30T00:22:08Z</datestamp><setSpec>uge_bcen_RapidILL_BOOK</setSpec><setSpec>uge_aaca_RapidILL_BOOK</setSpec><setSpec>uge_abels_RapidILL_BOOK</setSpec><setSpec>uge_dbu_RapidILL_BOOK</setSpec><setSpec>uge_cmu_RapidILL_BOOK</setSpec><setSpec>uge_mail_RapidILL_BOOK</setSpec><setSpec>uge_abbat_RapidILL_BOOK</setSpec><setSpec>UNIGE_ALL</setSpec><setSpec>uge_aobs_RapidILL_BOOK</setSpec><setSpec>uge_acar_RapidILL_BOOK</setSpec></header><metadata>
<record xmlns="http://www.loc.gov/MARC21/slim" xmlns:xsi="http://www.w3.org/2001/XMLSchema-instance" xsi:schemaLocation="http://www.loc.gov/MARC21/slim http://www.loc.gov/standards/marcxml/schema/MARC21slim.xsd"><leader>02066naa a2200337uc 4500</leader><controlfield tag="001">991000012099705502</controlfield><controlfield tag="005">20230629185614.0</controlfield><controlfield tag="008">201012s1965    gw ||||| |||| 00| ||ger d</controlfield><datafield ind1=" " ind2=" " tag="035"><subfield code="a">(swissbib)240695895-41slsp_network</subfield></datafield><datafield ind1=" " ind2=" " tag="035"><subfield code="a">240695895</subfield><subfield code="9">ExL</subfield></datafield><datafield ind1=" " ind2=" " tag="035"><subfield code="a">(IDSBB)001068924DSV01</subfield></datafield><datafield ind1=" " ind2=" " tag="035"><subfield code="a">(RERO)0655881-41slsp</subfield></datafield><datafield ind1=" " ind2=" " tag="035"><subfield code="a">(EXLNZ-41SLSP_NETWORK)991074129239705501</subfield></datafield><datafield ind1=" " ind2=" " tag="040"><subfield code="a">SzZuIDS BS/BE B465</subfield><subfield code="b">ger</subfield><subfield code="e">kids</subfield><subfield code="d">CH-ZuSLS</subfield></datafield><datafield ind1=" " ind2="7" tag="072"><subfield code="a">dr</subfield><subfield code="2">rero</subfield></datafield><datafield ind1=" " ind2=" " tag="084"><subfield code="a">CA/CH 53 i</subfield><subfield code="2">cjurrom</subfield></datafield><datafield ind1=" " ind2=" " tag="084"><subfield code="a">CA/CH 36 i</subfield><subfield code="2">cjurrom</subfield></datafield><datafield ind1="1" ind2=" " tag="100"><subfield code="6">880-01</subfield><subfield code="a">Geiger, Willi</subfield><subfield code="d">1909-....</subfield><subfield code="0">(IDREF)080096166</subfield><subfield code="4">cre</subfield></datafield><datafield ind1="1" ind2=" " tag="880"><subfield code="a">Geiger, Willi</subfield><subfield code="d">1924-1999</subfield><subfield code="0">(DE-588)123930510</subfield><subfield code="6">100-01</subfield></datafield><datafield ind1="1" ind2="0" tag="245"><subfield code="a">&lt;&lt;Die&gt;&gt; Delegation von Finanzkompetenzen als staatsrechtliches Problem</subfield><subfield code="c">Willi Geiger</subfield></datafield><datafield ind1=" " ind2=" " tag="336"><subfield code="b">txt</subfield><subfield code="2">rdacontent</subfield></datafield><datafield ind1=" " ind2=" " tag="337"><subfield code="b">n</subfield><subfield code="2">rdamedia</subfield></datafield><datafield ind1=" " ind2=" " tag="338"><subfield code="b">nc</subfield><subfield code="2">rdacarrier</subfield></datafield><datafield ind1=" " ind2=" " tag="580"><subfield code="a">In: Stillstand und Fortentwicklung im schweizerischen Recht : Festgabe der juristischen Abteilung der Hochschule St. Gallen für Wirtschafts- und Sozialwissenschaften und des St. gallischen Juristenvereins zum schweizerischen Juristentag 1965 in St. Gallen. - Bern : Stämpfli, 1965. - P. 83-102</subfield></datafield><datafield ind1=" " ind2="7" tag="650"><subfield code="a">Verfassungsrecht</subfield><subfield code="9">ger</subfield><subfield code="0">(RERO)jurivoc000024431ger</subfield><subfield code="2">jurivoc</subfield></datafield><datafield ind1=" " ind2="7" tag="650"><subfield code="a">Staatsorganisation und Verwaltung</subfield><subfield code="9">ger</subfield><subfield code="0">(RERO)jurivoc000021182ger</subfield><subfield code="2">jurivoc</subfield></datafield><datafield ind1=" " ind2="7" tag="650"><subfield code="a">Behörde</subfield><subfield code="9">ger</subfield><subfield code="0">(RERO)jurivoc000003066ger</subfield><subfield code="2">jurivoc</subfield></datafield><datafield ind1=" " ind2="7" tag="650"><subfield code="a">Bundesrecht</subfield><subfield code="9">ger</subfield><subfield code="0">(RERO)jurivoc000004898ger</subfield><subfield code="2">jurivoc</subfield></datafield><datafield ind1=" " ind2="7" tag="650"><subfield code="a">Zuständigkeitsübertragung</subfield><subfield code="9">ger</subfield><subfield code="0">(RERO)jurivoc000027426ger</subfield><subfield code="2">jurivoc</subfield></datafield><datafield ind1=" " ind2="7" tag="651"><subfield code="a">Schweiz</subfield><subfield code="9">ger</subfield><subfield code="0">(RERO)jurivoc000019912ger</subfield><subfield code="2">jurivoc</subfield></datafield><datafield ind1="0" ind2=" " tag="773"><subfield code="t">Stillstand und Fortentwicklung im schweizerischen Recht : Festgabe... zum schweizerischen Juristentag 1965 in St. Gallen</subfield><subfield code="d">Bern : Verlag Stämpfli, 1965</subfield><subfield code="g">S. 83-102</subfield><subfield code="q">83-102</subfield><subfield code="w">(IDSBB)000598358DSV01</subfield></datafield><datafield ind1="0" ind2=" " tag="773"><subfield code="t">Stillstand und Fortentwicklung im schweizerischen Recht : Festgabe der juristischen Abteilung der Hochschule St. Gallen für Wirtschafts- und Sozialwissenschaften und des St. Gallischen Juristenvereins zum schweizerischen Juristentag 1965 in St. Gallen</subfield><subfield code="g">83</subfield><subfield code="w">(RERO)0079419-41slsp</subfield></datafield></record>
</metadata></record>