<record><header><identifier>oai:alma.41SLSP_UGE:991000011369705502</identifier><datestamp>2023-03-21T01:11:45Z</datestamp><setSpec>uge_bcen_RapidILL_BOOK</setSpec><setSpec>uge_aaca_RapidILL_BOOK</setSpec><setSpec>uge_abels_RapidILL_BOOK</setSpec><setSpec>uge_dbu_RapidILL_BOOK</setSpec><setSpec>uge_cmu_RapidILL_BOOK</setSpec><setSpec>uge_mail_RapidILL_BOOK</setSpec><setSpec>uge_abbat_RapidILL_BOOK</setSpec><setSpec>UNIGE_ALL</setSpec><setSpec>uge_acar_RapidILL_BOOK</setSpec><setSpec>uge_aobs_RapidILL_BOOK</setSpec></header><metadata>
<record xmlns="http://www.loc.gov/MARC21/slim" xmlns:xsi="http://www.w3.org/2001/XMLSchema-instance" xsi:schemaLocation="http://www.loc.gov/MARC21/slim http://www.loc.gov/standards/marcxml/schema/MARC21slim.xsd"><leader>01188naa a2200277 c 4500</leader><controlfield tag="001">991000011369705502</controlfield><controlfield tag="005">20230320065103.0</controlfield><controlfield tag="008">881103s1988    fr ||||| |||| 00| ||fre d</controlfield><datafield ind1=" " ind2=" " tag="035"><subfield code="a">(swissbib)083204202-41slsp_network</subfield></datafield><datafield ind1=" " ind2=" " tag="035"><subfield code="a">083204202</subfield><subfield code="9">ExL</subfield></datafield><datafield ind1=" " ind2=" " tag="035"><subfield code="a">(RERO)1037345-41slsp</subfield></datafield><datafield ind1=" " ind2=" " tag="035"><subfield code="a">(EXLNZ-41SLSP_NETWORK)991082577479705501</subfield></datafield><datafield ind1=" " ind2=" " tag="040"><subfield code="a">RERO geuses</subfield><subfield code="d">CH-ZuSLS</subfield></datafield><datafield ind1=" " ind2="7" tag="072"><subfield code="a">se</subfield><subfield code="2">rero</subfield></datafield><datafield ind1="1" ind2=" " tag="100"><subfield code="a">Fourt, Gilles</subfield><subfield code="d">1959-....</subfield><subfield code="0">(IDREF)032494580</subfield><subfield code="4">cre</subfield></datafield><datafield ind1="1" ind2="0" tag="245"><subfield code="a">&lt;&lt;Les&gt;&gt; investissements japonais au Mexique</subfield><subfield code="c">Gilles Fourt, Jean Revel-Mouroz</subfield></datafield><datafield ind1=" " ind2=" " tag="336"><subfield code="b">txt</subfield><subfield code="2">rdacontent</subfield></datafield><datafield ind1=" " ind2=" " tag="337"><subfield code="b">n</subfield><subfield code="2">rdamedia</subfield></datafield><datafield ind1=" " ind2=" " tag="338"><subfield code="b">nc</subfield><subfield code="2">rdacarrier</subfield></datafield><datafield ind1=" " ind2=" " tag="580"><subfield code="a">In: Notes et études documentaires. - Paris. - 1988, no 4863, p. 129-144. In: Problèmes d'Amérique latine. - Paris. - 1988, no 89, p. 129-144</subfield></datafield><datafield ind1=" " ind2="7" tag="650"><subfield code="a">Investissements japonais</subfield><subfield code="0">(IDREF)028546504</subfield><subfield code="2">idref</subfield></datafield><datafield ind1=" " ind2="7" tag="651"><subfield code="a">Mexique</subfield><subfield code="0">(IDREF)027239497</subfield><subfield code="2">idref</subfield></datafield><datafield ind1=" " ind2="7" tag="651"><subfield code="a">À l'étranger</subfield><subfield code="0">(IDREF)028686322</subfield><subfield code="2">idref</subfield></datafield><datafield ind1="1" ind2=" " tag="700"><subfield code="a">Revel-Mouroz, Jean</subfield><subfield code="d">1945-2020</subfield><subfield code="0">(IDREF)027096238</subfield></datafield><datafield ind1="0" ind2=" " tag="773"><subfield code="t">Problèmes d'Amérique latine. Documentation française</subfield><subfield code="g">89/129</subfield><subfield code="w">(RERO)0398367-41slsp</subfield></datafield><datafield ind1="0" ind2=" " tag="773"><subfield code="t">Notes et études documentaires</subfield><subfield code="g">no 4863, p. 129-144</subfield><subfield code="w">(RERO)0063014-41slsp</subfield></datafield><datafield ind1=" " ind2=" " tag="900"><subfield code="a">REROnoselfmerge</subfield></datafield></record>
</metadata></record>