<record><header><identifier>oai:alma.41SLSP_UGE:991000012299705502</identifier><datestamp>2023-03-01T01:08:58Z</datestamp><setSpec>uge_bcen_RapidILL_BOOK</setSpec><setSpec>uge_aaca_RapidILL_BOOK</setSpec><setSpec>uge_abels_RapidILL_BOOK</setSpec><setSpec>uge_dbu_RapidILL_BOOK</setSpec><setSpec>uge_cmu_RapidILL_BOOK</setSpec><setSpec>uge_mail_RapidILL_BOOK</setSpec><setSpec>UNIGE_ALL</setSpec><setSpec>uge_abbat_RapidILL_BOOK</setSpec><setSpec>uge_acar_RapidILL_BOOK</setSpec><setSpec>uge_aobs_RapidILL_BOOK</setSpec></header><metadata>
<record xmlns="http://www.loc.gov/MARC21/slim" xmlns:xsi="http://www.w3.org/2001/XMLSchema-instance" xsi:schemaLocation="http://www.loc.gov/MARC21/slim http://www.loc.gov/standards/marcxml/schema/MARC21slim.xsd"><leader>01619nam a2200481 c 4500</leader><controlfield tag="001">991000012299705502</controlfield><controlfield tag="005">20230203201816.0</controlfield><controlfield tag="008">201011t19861986xxu||||| |||| 00| ||eng d</controlfield><datafield ind1=" " ind2=" " tag="020"><subfield code="a">0891308342</subfield></datafield><datafield ind1=" " ind2=" " tag="020"><subfield code="a">0891308350</subfield><subfield code="q">pbk.</subfield></datafield><datafield ind1=" " ind2=" " tag="035"><subfield code="a">(swissbib)230938183-41slsp_network</subfield></datafield><datafield ind1=" " ind2=" " tag="035"><subfield code="a">230938183</subfield><subfield code="9">ExL</subfield></datafield><datafield ind1=" " ind2=" " tag="035"><subfield code="a">(RERO)0755307-41slsp</subfield></datafield><datafield ind1=" " ind2=" " tag="035"><subfield code="a">(NEBIS)003241290EBI01</subfield></datafield><datafield ind1=" " ind2=" " tag="035"><subfield code="a">(IDSBB)003320573DSV01</subfield></datafield><datafield ind1=" " ind2=" " tag="035"><subfield code="a">(EXLNZ-41SLSP_NETWORK)991093804909705501</subfield></datafield><datafield ind1=" " ind2=" " tag="040"><subfield code="a">RERO frbcuc</subfield><subfield code="d">CH-ZuSLS</subfield></datafield><datafield ind1=" " ind2="7" tag="072"><subfield code="a">th</subfield><subfield code="2">rero</subfield></datafield><datafield ind1=" " ind2="7" tag="072"><subfield code="a">th</subfield><subfield code="2">SzZuIDS BS/BE</subfield></datafield><datafield ind1="1" ind2=" " tag="080"><subfield code="a">(05):22SBL-DS</subfield></datafield><datafield ind1="0" ind2="4" tag="082"><subfield code="a">229.4066</subfield><subfield code="2">19</subfield></datafield><datafield ind1=" " ind2=" " tag="084"><subfield code="a">BC 6765</subfield><subfield code="2">rvk</subfield></datafield><datafield ind1=" " ind2=" " tag="084"><subfield code="a">BC 7500</subfield><subfield code="2">rvk</subfield></datafield><datafield ind1="1" ind2=" " tag="100"><subfield code="a">Lee, Thomas R.</subfield><subfield code="0">(RERO)A003507504</subfield><subfield code="4">cre</subfield></datafield><datafield ind1="1" ind2="0" tag="245"><subfield code="a">Studies in the form of Sirach 44-50</subfield><subfield code="c">Thomas R. Lee</subfield></datafield><datafield ind1=" " ind2="1" tag="264"><subfield code="a">Atlanta</subfield><subfield code="b">Scholars Press</subfield><subfield code="c">[1986]</subfield></datafield><datafield ind1=" " ind2="4" tag="264"><subfield code="c">© 1986</subfield></datafield><datafield ind1=" " ind2=" " tag="300"><subfield code="a">XII, 271 p.</subfield><subfield code="c">22 cm</subfield></datafield><datafield ind1=" " ind2=" " tag="336"><subfield code="b">txt</subfield><subfield code="2">rdacontent</subfield></datafield><datafield ind1=" " ind2=" " tag="337"><subfield code="b">n</subfield><subfield code="2">rdamedia</subfield></datafield><datafield ind1=" " ind2=" " tag="338"><subfield code="b">nc</subfield><subfield code="2">rdacarrier</subfield></datafield><datafield ind1="1" ind2=" " tag="490"><subfield code="a">Dissertation series / Society of Biblical Literature</subfield><subfield code="v">no 75</subfield></datafield><datafield ind1=" " ind2=" " tag="502"><subfield code="a">Zugl.: Ph.D. thesis University of California, Berkley, 1979</subfield></datafield><datafield ind1="0" ind2="7" tag="630"><subfield code="a">Bible</subfield><subfield code="p">AT</subfield><subfield code="p">Siracide</subfield><subfield code="n">44 - 50</subfield><subfield code="2">rero</subfield></datafield><datafield ind1="0" ind2="0" tag="630"><subfield code="a">Bible</subfield><subfield code="p">Apocrypha</subfield><subfield code="p">Ecclesiasticus XLIV-L</subfield><subfield code="x">Criticism, Form</subfield></datafield><datafield ind1=" " ind2="7" tag="650"><subfield code="a">Critique littéraire</subfield><subfield code="0">(IDREF)027286592</subfield><subfield code="2">idref</subfield></datafield><datafield ind1=" " ind2="7" tag="650"><subfield code="a">Formgeschichte</subfield><subfield code="0">(DE-588)4017871-7</subfield><subfield code="2">gnd</subfield></datafield><datafield ind1=" " ind2="7" tag="655"><subfield code="a">Hochschulschrift</subfield><subfield code="2">gnd-content</subfield></datafield><datafield ind1=" " ind2=" " tag="690"><subfield code="a">Sirach (Buch)</subfield><subfield code="2">uzb-Z9</subfield></datafield><datafield ind1=" " ind2="0" tag="830"><subfield code="a">Dissertation series</subfield><subfield code="v">75</subfield><subfield code="w">(RERO)0197471-41slsp</subfield></datafield><datafield ind1=" " ind2="0" tag="830"><subfield code="a">Dissertation series</subfield><subfield code="v">75</subfield><subfield code="w">(IDSBB)000424362DSV01</subfield></datafield><datafield ind1=" " ind2=" " tag="900"><subfield code="a">REROnoselfmerge</subfield></datafield><datafield ind1=" " ind2=" " tag="900"><subfield code="a">IDSZRMedeaZBZ</subfield></datafield><datafield ind1=" " ind2=" " tag="900"><subfield code="f">IDSU2medea</subfield></datafield></record>
</metadata></record>