<record><header><identifier>oai:alma.41SLSP_UGE:991000011569705502</identifier><datestamp>2023-03-01T01:08:58Z</datestamp><setSpec>uge_bcen_RapidILL_BOOK</setSpec><setSpec>uge_aaca_RapidILL_BOOK</setSpec><setSpec>uge_abels_RapidILL_BOOK</setSpec><setSpec>uge_dbu_RapidILL_BOOK</setSpec><setSpec>uge_cmu_RapidILL_BOOK</setSpec><setSpec>uge_mail_RapidILL_BOOK</setSpec><setSpec>UNIGE_ALL</setSpec><setSpec>uge_abbat_RapidILL_BOOK</setSpec><setSpec>uge_aobs_RapidILL_BOOK</setSpec><setSpec>uge_acar_RapidILL_BOOK</setSpec></header><metadata>
<record xmlns="http://www.loc.gov/MARC21/slim" xmlns:xsi="http://www.w3.org/2001/XMLSchema-instance" xsi:schemaLocation="http://www.loc.gov/MARC21/slim http://www.loc.gov/standards/marcxml/schema/MARC21slim.xsd"><leader>03108nam a2200673 c 4500</leader><controlfield tag="001">991000011569705502</controlfield><controlfield tag="005">20230130185129.0</controlfield><controlfield tag="008">201011s1979    fr ||||| |||| 10| ||fre d</controlfield><datafield ind1=" " ind2=" " tag="020"><subfield code="a">2706807660</subfield></datafield><datafield ind1=" " ind2=" " tag="035"><subfield code="a">(swissbib)211356824-41slsp_network</subfield></datafield><datafield ind1=" " ind2=" " tag="035"><subfield code="a">211356824</subfield><subfield code="9">ExL</subfield></datafield><datafield ind1=" " ind2=" " tag="035"><subfield code="a">(RERO)0198623-41slsp</subfield></datafield><datafield ind1=" " ind2=" " tag="035"><subfield code="a">(NEBIS)000176615EBI01</subfield></datafield><datafield ind1=" " ind2=" " tag="035"><subfield code="a">(IDSBB)004925619DSV01</subfield></datafield><datafield ind1=" " ind2=" " tag="035"><subfield code="a">(EXLNZ-41SLSP_NETWORK)991124582029705501</subfield></datafield><datafield ind1=" " ind2=" " tag="040"><subfield code="a">RERO</subfield><subfield code="d">CH-ZuSLS</subfield></datafield><datafield ind1=" " ind2="7" tag="072"><subfield code="a">go</subfield><subfield code="2">rero</subfield></datafield><datafield ind1=" " ind2="7" tag="072"><subfield code="a">ur</subfield><subfield code="2">rero</subfield></datafield><datafield ind1="0" ind2="4" tag="082"><subfield code="a">301.36309</subfield><subfield code="b">E77</subfield></datafield><datafield ind1="1" ind2="4" tag="082"><subfield code="a">307.760 9174927</subfield><subfield code="2">22</subfield></datafield><datafield ind1="1" ind2="4" tag="082"><subfield code="a">307.760956</subfield></datafield><datafield ind1=" " ind2=" " tag="084"><subfield code="a">EN 2820</subfield><subfield code="2">rvk</subfield></datafield><datafield ind1=" " ind2=" " tag="084"><subfield code="a">RR 15627</subfield><subfield code="2">rvk</subfield></datafield><datafield ind1="1" ind2=" " tag="100"><subfield code="a">Chevallier, Dominique</subfield><subfield code="6">880-01</subfield></datafield><datafield ind1="1" ind2=" " tag="880"><subfield code="6">100-01</subfield><subfield code="a">Chevallier, Dominique</subfield><subfield code="d">1928-2008</subfield><subfield code="0">(IDREF)026786060</subfield></datafield><datafield ind1="1" ind2="0" tag="245"><subfield code="a">&lt;&lt;L'&gt;&gt;espace social de la ville arabe</subfield><subfield code="b">[actes du colloque sur &quot;Espaces socio-culturels et croissance urbaine dans le monde arabe&quot; qui s'est tenu à la Sorbonne les 24, 25 et 26 novembre 1977]</subfield><subfield code="c">[action thématique programmée du Centre national de la recherche scientifique] ; par Dominique Chevallier, Sobhi Abdel-Hakim... [et al.]</subfield></datafield><datafield ind1=" " ind2="1" tag="264"><subfield code="a">Paris</subfield><subfield code="b">G.-P. Maisonneuve et Larose</subfield><subfield code="c">1979</subfield></datafield><datafield ind1=" " ind2=" " tag="300"><subfield code="a">363 S.</subfield><subfield code="b">fig., tab., 14 pl., 22 Pläne und Taf.</subfield><subfield code="c">24 cm</subfield></datafield><datafield ind1=" " ind2=" " tag="336"><subfield code="b">txt</subfield><subfield code="2">rdacontent</subfield></datafield><datafield ind1=" " ind2=" " tag="337"><subfield code="b">n</subfield><subfield code="2">rdamedia</subfield></datafield><datafield ind1=" " ind2=" " tag="338"><subfield code="b">nc</subfield><subfield code="2">rdacarrier</subfield></datafield><datafield ind1="1" ind2=" " tag="490"><subfield code="a">Publications du Département d'islamologie de l'Université de Paris-Sorbonne (Paris IV)</subfield><subfield code="v">7 [i.e. 8]</subfield></datafield><datafield ind1=" " ind2="7" tag="650"><subfield code="a">espace social</subfield><subfield code="0">(RERO)A010080147</subfield><subfield code="2">rerovoc</subfield></datafield><datafield ind1=" " ind2="7" tag="650"><subfield code="a">Développement communautaire urbain</subfield><subfield code="0">(IDREF)027741184</subfield><subfield code="2">idref</subfield></datafield><datafield ind1=" " ind2="7" tag="650"><subfield code="a">Villes</subfield><subfield code="0">(IDREF)027255778</subfield><subfield code="2">idref</subfield></datafield><datafield ind1=" " ind2="7" tag="650"><subfield code="a">Islam</subfield><subfield code="0">(DE-588)4027743-4</subfield><subfield code="2">gnd</subfield></datafield><datafield ind1=" " ind2="7" tag="650"><subfield code="a">Kongress</subfield><subfield code="0">(DE-588)4130470-6</subfield><subfield code="2">gnd</subfield></datafield><datafield ind1=" " ind2="7" tag="650"><subfield code="a">Stadt</subfield><subfield code="0">(DE-588)4056723-0</subfield><subfield code="2">gnd</subfield></datafield><datafield ind1=" " ind2="7" tag="650"><subfield code="a">Stadtsoziologie</subfield><subfield code="0">(DE-588)4077811-3</subfield><subfield code="2">gnd</subfield></datafield><datafield ind1=" " ind2="0" tag="650"><subfield code="a">Cities and towns</subfield><subfield code="z">Arab countries</subfield><subfield code="v">Congresses</subfield></datafield><datafield ind1=" " ind2="0" tag="650"><subfield code="a">Cities and towns</subfield><subfield code="z">Arab countries</subfield><subfield code="x">Congresses</subfield></datafield><datafield ind1=" " ind2="7" tag="650"><subfield code="a">STÄDTEWESEN + STADTGEOGRAFIE + STADTFORSCHUNG</subfield><subfield code="9">ger</subfield><subfield code="0">(ETHUDK)000036648</subfield><subfield code="2">ethudk</subfield></datafield><datafield ind1=" " ind2="7" tag="650"><subfield code="a">SYRIEN (WESTASIEN). ARABISCHE REPUBLIK SYRIEN</subfield><subfield code="9">ger</subfield><subfield code="0">(ETHUDK)000006702</subfield><subfield code="2">ethudk</subfield></datafield><datafield ind1=" " ind2="7" tag="651"><subfield code="a">Pays arabes</subfield><subfield code="0">(IDREF)027228959</subfield><subfield code="2">idref</subfield></datafield><datafield ind1=" " ind2="7" tag="651"><subfield code="a">Arabische Staaten</subfield><subfield code="0">(DE-588)4068789-2</subfield><subfield code="2">gnd</subfield></datafield><datafield ind1=" " ind2="7" tag="651"><subfield code="a">Beirut</subfield><subfield code="0">(DE-588)4005348-9</subfield><subfield code="2">gnd</subfield></datafield><datafield ind1=" " ind2="7" tag="651"><subfield code="a">Naher Osten</subfield><subfield code="0">(DE-588)4068878-1</subfield><subfield code="2">gnd</subfield></datafield><datafield ind1=" " ind2="7" tag="651"><subfield code="a">Syrien</subfield><subfield code="0">(DE-588)4058794-0</subfield><subfield code="2">gnd</subfield></datafield><datafield ind1=" " ind2="0" tag="651"><subfield code="a">Arab countries</subfield><subfield code="x">Social conditions</subfield><subfield code="v">Congresses</subfield></datafield><datafield ind1=" " ind2="0" tag="651"><subfield code="a">Arab countries</subfield><subfield code="x">Social conditions</subfield><subfield code="x">Congresses</subfield></datafield><datafield ind1=" " ind2="7" tag="655"><subfield code="a">Aufsatzsammlung</subfield><subfield code="2">gnd-content</subfield></datafield><datafield ind1=" " ind2=" " tag="690"><subfield code="a">Geographie</subfield><subfield code="2">uzb-VZ</subfield></datafield><datafield ind1=" " ind2=" " tag="690"><subfield code="a">Architektur</subfield><subfield code="2">uzb-VZ</subfield></datafield><datafield ind1="1" ind2=" " tag="700"><subfield code="a">Abdel-Hakim, Sobhi</subfield><subfield code="0">(RERO)A009077493</subfield></datafield><datafield ind1="2" ind2=" " tag="710"><subfield code="a">Centre national de la recherche scientifique (France)</subfield><subfield code="b">Colloque</subfield><subfield code="d">1977</subfield><subfield code="c">Paris</subfield><subfield code="0">(RERO)A012357120</subfield></datafield><datafield ind1=" " ind2=" " tag="830"><subfield code="a">Publications du Département d'Islamologie de l'Université de Paris-Sorbonne</subfield><subfield code="v">8</subfield><subfield code="w">(RERO)0156621-41slsp</subfield></datafield><datafield ind1=" " ind2=" " tag="830"><subfield code="a">Publications du Département d'islamologie de l'Université de Paris-Sorbonne</subfield><subfield code="v">7</subfield><subfield code="w">(IDSBB)000743286DSV01</subfield></datafield><datafield ind1=" " ind2=" " tag="900"><subfield code="a">REROnoselfmerge</subfield></datafield><datafield ind1=" " ind2=" " tag="900"><subfield code="a">IDSZRMedeaZBZ</subfield><subfield code="b">IDSZRSWK</subfield></datafield><datafield ind1=" " ind2=" " tag="900"><subfield code="a">IDSU2remark</subfield><subfield code="f">IDSU2medea</subfield></datafield><datafield ind1=" " ind2=" " tag="990"><subfield code="a">geulne</subfield><subfield code="9">LOCAL</subfield></datafield></record>
</metadata></record>