<record><header><identifier>oai:alma.41SLSP_UGE:991000012319705502</identifier><datestamp>2024-04-11T00:14:05Z</datestamp><setSpec>uge_bcen_RapidILL_BOOK</setSpec><setSpec>uge_aaca_RapidILL_BOOK</setSpec><setSpec>uge_abels_RapidILL_BOOK</setSpec><setSpec>uge_dbu_RapidILL_BOOK</setSpec><setSpec>uge_cmu_RapidILL_BOOK</setSpec><setSpec>uge_mail_RapidILL_BOOK</setSpec><setSpec>uge_abbat_RapidILL_BOOK</setSpec><setSpec>UNIGE_ALL</setSpec><setSpec>uge_aobs_RapidILL_BOOK</setSpec><setSpec>uge_acar_RapidILL_BOOK</setSpec></header><metadata>
<record xmlns="http://www.loc.gov/MARC21/slim" xmlns:xsi="http://www.w3.org/2001/XMLSchema-instance" xsi:schemaLocation="http://www.loc.gov/MARC21/slim http://www.loc.gov/standards/marcxml/schema/MARC21slim.xsd"><leader>03565nam a2200889 c 4500</leader><controlfield tag="001">991000012319705502</controlfield><controlfield tag="005">20240410141238.0</controlfield><controlfield tag="008">201012s1988    sz ||||| |||| 00| ||ger d</controlfield><datafield ind1=" " ind2=" " tag="020"><subfield code="a">3719010384</subfield><subfield code="c">EUR 41.00</subfield></datafield><datafield ind1=" " ind2=" " tag="035"><subfield code="a">(swissbib)236080113-41slsp_network</subfield></datafield><datafield ind1=" " ind2=" " tag="035"><subfield code="a">236080113</subfield><subfield code="9">ExL</subfield></datafield><datafield ind1=" " ind2=" " tag="035"><subfield code="a">(RERO)1069180-41slsp</subfield></datafield><datafield ind1=" " ind2=" " tag="035"><subfield code="a">(IDSSG)000012946HSB01</subfield></datafield><datafield ind1=" " ind2=" " tag="035"><subfield code="a">(IDSLU)000117972ILU01</subfield></datafield><datafield ind1=" " ind2=" " tag="035"><subfield code="a">(IDSBB)000456299DSV01</subfield></datafield><datafield ind1=" " ind2=" " tag="035"><subfield code="a">(NEBIS)001053959EBI01</subfield></datafield><datafield ind1=" " ind2=" " tag="035"><subfield code="a">(ABN)000292664ABN01</subfield></datafield><datafield ind1=" " ind2=" " tag="035"><subfield code="a">(ALEX)bv01061573</subfield></datafield><datafield ind1=" " ind2=" " tag="035"><subfield code="a">(EXLNZ-41SLSP_NETWORK)991031363139705501</subfield></datafield><datafield ind1=" " ind2=" " tag="040"><subfield code="a">RERO geubfd</subfield><subfield code="d">CH-ZuSLS</subfield></datafield><datafield ind1=" " ind2=" " tag="044"><subfield code="a">sz</subfield><subfield code="a">gw</subfield></datafield><datafield ind1=" " ind2="7" tag="072"><subfield code="a">dr</subfield><subfield code="2">rero</subfield></datafield><datafield ind1=" " ind2="7" tag="072"><subfield code="a">820</subfield><subfield code="2">IDS LU</subfield></datafield><datafield ind1=" " ind2="7" tag="072"><subfield code="a">rf</subfield><subfield code="2">SzZuIDS BS/BE</subfield></datafield><datafield ind1="0" ind2="4" tag="082"><subfield code="a">342.49404</subfield><subfield code="2">22</subfield></datafield><datafield ind1="1" ind2="4" tag="082"><subfield code="a">340</subfield><subfield code="2">15</subfield></datafield><datafield ind1=" " ind2=" " tag="084"><subfield code="a">CA/CH 36 h</subfield><subfield code="2">cjurrom</subfield></datafield><datafield ind1=" " ind2=" " tag="084"><subfield code="a">A 36 h</subfield><subfield code="2">cjurrom</subfield></datafield><datafield ind1=" " ind2=" " tag="084"><subfield code="a">MG 32060</subfield><subfield code="2">rvk</subfield></datafield><datafield ind1=" " ind2=" " tag="084"><subfield code="a">PL 682</subfield><subfield code="2">rvk</subfield></datafield><datafield ind1="1" ind2=" " tag="100"><subfield code="a">Jenny, David</subfield><subfield code="0">(RERO)A003424190</subfield><subfield code="4">cre</subfield></datafield><datafield ind1="1" ind2="0" tag="245"><subfield code="a">&lt;&lt;Der&gt;&gt; Begriff der Staatsleitung und die Schweizerische Bundesverfassung</subfield><subfield code="c">von David Jenny</subfield></datafield><datafield ind1=" " ind2="1" tag="264"><subfield code="a">Basel</subfield><subfield code="a">Frankfurt a.M.</subfield><subfield code="b">Helbing &amp; Lichtenhahn</subfield><subfield code="c">1988</subfield></datafield><datafield ind1=" " ind2=" " tag="300"><subfield code="a">XXIX, 124 S.</subfield><subfield code="c">23 cm</subfield></datafield><datafield ind1=" " ind2=" " tag="336"><subfield code="b">txt</subfield><subfield code="2">rdacontent</subfield></datafield><datafield ind1=" " ind2=" " tag="337"><subfield code="b">n</subfield><subfield code="2">rdamedia</subfield></datafield><datafield ind1=" " ind2=" " tag="338"><subfield code="b">nc</subfield><subfield code="2">rdacarrier</subfield></datafield><datafield ind1="1" ind2=" " tag="490"><subfield code="a">Basler Studien zur Rechtswissenschaft. Reihe B, Öffentliches Recht</subfield><subfield code="v">Bd. 24</subfield></datafield><datafield ind1=" " ind2=" " tag="500"><subfield code="a">Zugleich: Diss. jur. Basel</subfield></datafield><datafield ind1=" " ind2=" " tag="502"><subfield code="a">Zugl.: Diss. iur. Basel, 1988</subfield></datafield><datafield ind1=" " ind2=" " tag="504"><subfield code="a">Bibliogr</subfield></datafield><datafield ind1=" " ind2=" " tag="504"><subfield code="a">Literatur- u. Materialienverzeichnis</subfield></datafield><datafield ind1="0" ind2="7" tag="630"><subfield code="a">Bundesverfassung (Schweiz)</subfield><subfield code="2">idszbz</subfield></datafield><datafield ind1=" " ind2="7" tag="650"><subfield code="a">Staatsorganisation und Verwaltung</subfield><subfield code="9">ger</subfield><subfield code="0">(RERO)jurivoc000021182ger</subfield><subfield code="2">jurivoc</subfield></datafield><datafield ind1=" " ind2="7" tag="650"><subfield code="a">Verfassungsrecht</subfield><subfield code="9">ger</subfield><subfield code="0">(RERO)jurivoc000024431ger</subfield><subfield code="2">jurivoc</subfield></datafield><datafield ind1=" " ind2="7" tag="650"><subfield code="a">Behörde</subfield><subfield code="9">ger</subfield><subfield code="0">(RERO)jurivoc000003066ger</subfield><subfield code="2">jurivoc</subfield></datafield><datafield ind1=" " ind2="7" tag="650"><subfield code="a">Bundesrecht</subfield><subfield code="9">ger</subfield><subfield code="0">(RERO)jurivoc000004898ger</subfield><subfield code="2">jurivoc</subfield></datafield><datafield ind1=" " ind2="7" tag="650"><subfield code="a">Staatslehre</subfield><subfield code="9">ger</subfield><subfield code="0">(RERO)jurivoc000021174ger</subfield><subfield code="2">jurivoc</subfield></datafield><datafield ind1=" " ind2="7" tag="650"><subfield code="a">Bundesrat</subfield><subfield code="9">ger</subfield><subfield code="0">(RERO)jurivoc000004895ger</subfield><subfield code="2">jurivoc</subfield></datafield><datafield ind1=" " ind2="7" tag="650"><subfield code="a">Gouvernement</subfield><subfield code="0">(IDREF)027793672</subfield><subfield code="2">idref</subfield></datafield><datafield ind1=" " ind2="7" tag="650"><subfield code="a">Droit constitutionnel</subfield><subfield code="0">(IDREF)02726095X</subfield><subfield code="2">idref</subfield></datafield><datafield ind1=" " ind2="7" tag="650"><subfield code="a">Pouvoir exécutif</subfield><subfield code="0">(IDREF)027836622</subfield><subfield code="2">idref</subfield></datafield><datafield ind1=" " ind2="7" tag="650"><subfield code="a">Droit comparé</subfield><subfield code="0">(IDREF)027741451</subfield><subfield code="2">idref</subfield></datafield><datafield ind1=" " ind2="7" tag="650"><subfield code="a">Regierung</subfield><subfield code="z">Schweiz</subfield><subfield code="2">idsbb</subfield></datafield><datafield ind1=" " ind2="7" tag="650"><subfield code="a">Staatsrecht</subfield><subfield code="z">Schweiz</subfield><subfield code="2">idsbb</subfield></datafield><datafield ind1=" " ind2="7" tag="650"><subfield code="a">Parlament</subfield><subfield code="x">Regierung</subfield><subfield code="2">idsbb</subfield></datafield><datafield ind1=" " ind2="7" tag="650"><subfield code="a">Regierung</subfield><subfield code="x">Parlament</subfield><subfield code="2">idsbb</subfield></datafield><datafield ind1=" " ind2="7" tag="650"><subfield code="a">Staatsleitung</subfield><subfield code="0">(DE-588)4211192-4</subfield><subfield code="2">gnd</subfield></datafield><datafield ind1=" " ind2="7" tag="650"><subfield code="a">Verfassungsrecht</subfield><subfield code="0">(DE-588)4062801-2</subfield><subfield code="2">gnd</subfield></datafield><datafield ind1=" " ind2="7" tag="650"><subfield code="a">Begriff</subfield><subfield code="0">(DE-588)4005248-5</subfield><subfield code="2">gnd</subfield></datafield><datafield ind1=" " ind2="7" tag="650"><subfield code="a">Regierung</subfield><subfield code="2">idszbz</subfield></datafield><datafield ind1=" " ind2="0" tag="650"><subfield code="a">Executive power</subfield></datafield><datafield ind1=" " ind2="0" tag="650"><subfield code="a">Executive power</subfield><subfield code="z">Switzerland</subfield></datafield><datafield ind1=" " ind2="7" tag="651"><subfield code="a">Schweiz</subfield><subfield code="9">ger</subfield><subfield code="0">(RERO)jurivoc000019912ger</subfield><subfield code="2">jurivoc</subfield></datafield><datafield ind1=" " ind2="7" tag="651"><subfield code="a">Suisse</subfield><subfield code="0">(IDREF)027249654</subfield><subfield code="2">idref</subfield></datafield><datafield ind1=" " ind2="7" tag="651"><subfield code="a">Schweiz</subfield><subfield code="0">(DE-588)4053881-3</subfield><subfield code="2">gnd</subfield></datafield><datafield ind1=" " ind2="7" tag="651"><subfield code="a">Schweiz</subfield><subfield code="2">idszbz</subfield></datafield><datafield ind1=" " ind2="0" tag="651"><subfield code="a">Switzerland</subfield><subfield code="x">Politics and government</subfield></datafield><datafield ind1=" " ind2="7" tag="655"><subfield code="a">Hochschulschrift</subfield><subfield code="2">gnd-content</subfield></datafield><datafield ind1=" " ind2=" " tag="690"><subfield code="a">Verfassungsrecht. Schweiz, B: Staatsleitung</subfield><subfield code="2">rzs-L1</subfield></datafield><datafield ind1=" " ind2=" " tag="690"><subfield code="a">Staatsrecht, B: Staatsleitung</subfield><subfield code="2">rzs-L1</subfield></datafield><datafield ind1=" " ind2=" " tag="690"><subfield code="a">Bundesverfassung. Schweiz, B: Staatsleitung</subfield><subfield code="2">rzs-L1</subfield></datafield><datafield ind1=" " ind2=" " tag="691"><subfield code="e">PC 36 CH</subfield><subfield code="2">rzs-L1</subfield></datafield><datafield ind1=" " ind2="0" tag="830"><subfield code="a">Basler Studien zur Rechtswissenschaft</subfield><subfield code="p">Reihe B, Öffentliches Recht</subfield><subfield code="v">24</subfield><subfield code="w">(IDSBB)000020092DSV01</subfield></datafield><datafield ind1=" " ind2="0" tag="830"><subfield code="a">Basler Studien zur Rechtswissenschaft. Reihe B, Oeffentliches Recht</subfield><subfield code="v">24</subfield><subfield code="w">(IDSLU)000135383ILU01</subfield></datafield><datafield ind1=" " ind2="0" tag="830"><subfield code="a">Basler Studien zur Rechtswissenschaft</subfield><subfield code="n">Reihe B</subfield><subfield code="p">Öffentliches Recht</subfield><subfield code="v">24</subfield><subfield code="w">(NEBIS)000069644EBI01</subfield></datafield><datafield ind1=" " ind2=" " tag="900"><subfield code="a">IDSE5E51ANH-2007</subfield></datafield><datafield ind1=" " ind2=" " tag="900"><subfield code="a">IDSZ2rwimon200611l</subfield><subfield code="c">IDSZ2paru</subfield></datafield></record>
</metadata></record>