<record><header><identifier>oai:alma.41SLSP_UGE:991000011589705502</identifier><datestamp>2023-05-03T00:35:41Z</datestamp><setSpec>uge_bcen_RapidILL_BOOK</setSpec><setSpec>uge_aaca_RapidILL_BOOK</setSpec><setSpec>uge_abels_RapidILL_BOOK</setSpec><setSpec>uge_dbu_RapidILL_BOOK</setSpec><setSpec>uge_cmu_RapidILL_BOOK</setSpec><setSpec>uge_mail_RapidILL_BOOK</setSpec><setSpec>uge_abbat_RapidILL_BOOK</setSpec><setSpec>UNIGE_ALL</setSpec><setSpec>uge_acar_RapidILL_BOOK</setSpec><setSpec>uge_aobs_RapidILL_BOOK</setSpec></header><metadata>
<record xmlns="http://www.loc.gov/MARC21/slim" xmlns:xsi="http://www.w3.org/2001/XMLSchema-instance" xsi:schemaLocation="http://www.loc.gov/MARC21/slim http://www.loc.gov/standards/marcxml/schema/MARC21slim.xsd"><leader>04664nam a2200769 c 4500</leader><controlfield tag="001">991000011589705502</controlfield><controlfield tag="005">20230502200633.0</controlfield><controlfield tag="008">201012s2014    gw ||||| |||| 10| ||ger d</controlfield><datafield ind1=" " ind2=" " tag="020"><subfield code="a">9783868870244</subfield></datafield><datafield ind1=" " ind2=" " tag="035"><subfield code="a">(swissbib)235274712-41slsp_network</subfield></datafield><datafield ind1=" " ind2=" " tag="035"><subfield code="a">235274712</subfield><subfield code="9">ExL</subfield></datafield><datafield ind1=" " ind2=" " tag="035"><subfield code="a">(RERO)R008097106-41slsp</subfield></datafield><datafield ind1=" " ind2=" " tag="035"><subfield code="a">(NEBIS)010274927EBI01</subfield></datafield><datafield ind1=" " ind2=" " tag="035"><subfield code="a">(IDSBB)006305697DSV01</subfield></datafield><datafield ind1=" " ind2=" " tag="035"><subfield code="a">(EXLNZ-41SLSP_NETWORK)991088858829705501</subfield></datafield><datafield ind1=" " ind2=" " tag="040"><subfield code="a">RERO geulha</subfield><subfield code="d">CH-ZuSLS</subfield></datafield><datafield ind1=" " ind2="7" tag="072"><subfield code="a">ba</subfield><subfield code="2">rero</subfield></datafield><datafield ind1=" " ind2="7" tag="072"><subfield code="a">kh</subfield><subfield code="2">SzZuIDS BS/BE</subfield></datafield><datafield ind1=" " ind2="7" tag="072"><subfield code="a">ac</subfield><subfield code="2">SzZuIDS BS/BE</subfield></datafield><datafield ind1="0" ind2="0" tag="245"><subfield code="a">Zeremoniell und Raum im Schlossbau des 17. und 18. Jahrhunderts</subfield><subfield code="b">Akten des Studientages vom 29. Juni 2012 am Kunsthistorischen Institut der Universität Bonn</subfield><subfield code="c">hrsg. von Georg Satzinger und Marc Jumpers</subfield></datafield><datafield ind1=" " ind2="1" tag="264"><subfield code="a">Münster</subfield><subfield code="b">Rhema</subfield><subfield code="c">2014</subfield></datafield><datafield ind1=" " ind2=" " tag="300"><subfield code="a">115 p.</subfield><subfield code="b">pl. en noir</subfield><subfield code="c">24 cm</subfield></datafield><datafield ind1=" " ind2=" " tag="336"><subfield code="b">txt</subfield><subfield code="2">rdacontent</subfield></datafield><datafield ind1=" " ind2=" " tag="337"><subfield code="b">n</subfield><subfield code="2">rdamedia</subfield></datafield><datafield ind1=" " ind2=" " tag="338"><subfield code="b">nc</subfield><subfield code="2">rdacarrier</subfield></datafield><datafield ind1="1" ind2=" " tag="490"><subfield code="a">Tholos : kunsthistorische Studien</subfield><subfield code="v">7</subfield></datafield><datafield ind1="0" ind2=" " tag="505"><subfield code="a">Georg Satzinger: Einleitung. - Hellmut Lorenz: Zeremoniell und Raumdekoration im barocken Schlossbau : Ideal und Wirklichkeit. - Eva-Bettina Krems: &quot;Il y a cette différence dans nos usages ...&quot; : höfische Raumfunktionen und Raumkonzepte um 1700 im europäischen Vergleich. - Henriette Graf: Die Residenz München : Zeremoniell, Raumdisposition und Raumnutzung 1680-1745. - Martin Pozsgai: Die Appartements des Kurfürsten Max Emanuel von Bayern in Boitsfort, Nymphenburg und Schleissheim. - Ulrike Seeger: Zur reichsfürstlichen Aneignung eines französischen Raumtyps am Beispiel des Paradeschlafzimmers in Schloss Schlessheim. - Guido Hinterkeuser: Zwischen Aneignung und Erneuerung : die Wohn- und Paradeappartements des ersten preussischen Königs Friedrich I. im Berliner Schloss. - Anna Mader-Kratky: Zwei Herrscher unter einem Dach : Herausforderungen an Raum und Zeremoniell in der Wiener Hofburg in mariatheresianischer Zeit. - Marina Beck: Residenz oder Lustschloss ? Die Funktion des Schlosses Schönbrunn zur Zeit Maria Theresias (1740-1780). - Marc Jumpers: Profane Schlossräume und ihre Bedeutung im Trauerzeremoniell der Kölner Kurfürsten Joseph Clemens und Clemens August</subfield></datafield><datafield ind1=" " ind2="7" tag="648"><subfield code="a">Geschichte 1600-1800</subfield><subfield code="2">gnd</subfield></datafield><datafield ind1=" " ind2="7" tag="648"><subfield code="a">Geschichte 1600-1700</subfield><subfield code="2">idszbz</subfield></datafield><datafield ind1=" " ind2="7" tag="648"><subfield code="a">Geschichte 1700-1800</subfield><subfield code="2">idszbz</subfield></datafield><datafield ind1=" " ind2="7" tag="648"><subfield code="a">Geschichte 1680-1800</subfield><subfield code="2">gnd</subfield></datafield><datafield ind1=" " ind2="7" tag="650"><subfield code="a">Châteaux</subfield><subfield code="0">(IDREF)027222683</subfield><subfield code="2">idref</subfield></datafield><datafield ind1=" " ind2="7" tag="650"><subfield code="a">17e siècle-18e siècle</subfield><subfield code="2">idref</subfield></datafield><datafield ind1=" " ind2="7" tag="650"><subfield code="a">Décoration architecturale</subfield><subfield code="0">(IDREF)027445291</subfield><subfield code="2">idref</subfield></datafield><datafield ind1=" " ind2="7" tag="650"><subfield code="a">Rites et cérémonies</subfield><subfield code="0">(IDREF)027342107</subfield><subfield code="2">idref</subfield></datafield><datafield ind1=" " ind2="7" tag="650"><subfield code="a">Residenz</subfield><subfield code="0">(DE-588)4129695-3</subfield><subfield code="2">gnd</subfield></datafield><datafield ind1=" " ind2="7" tag="650"><subfield code="a">Zimmerflucht</subfield><subfield code="0">(DE-588)1047969440</subfield><subfield code="2">gnd</subfield></datafield><datafield ind1=" " ind2="7" tag="650"><subfield code="a">Architektur</subfield><subfield code="0">(DE-588)4002851-3</subfield><subfield code="2">gnd</subfield></datafield><datafield ind1=" " ind2="7" tag="650"><subfield code="a">Ausstattung</subfield><subfield code="0">(DE-588)4138356-4</subfield><subfield code="2">gnd</subfield></datafield><datafield ind1=" " ind2="7" tag="650"><subfield code="a">Wohnkultur</subfield><subfield code="0">(DE-588)4117674-1</subfield><subfield code="2">gnd</subfield></datafield><datafield ind1=" " ind2="7" tag="650"><subfield code="a">ACHTZEHNTES JAHRHUNDERT N. CHR.</subfield><subfield code="9">ger</subfield><subfield code="0">(ETHUDK)000008905</subfield><subfield code="2">ethudk</subfield></datafield><datafield ind1=" " ind2="7" tag="650"><subfield code="a">HÖFISCHE KULTUR</subfield><subfield code="9">ger</subfield><subfield code="0">(ETHUDK)000045181</subfield><subfield code="2">ethudk</subfield></datafield><datafield ind1=" " ind2="7" tag="650"><subfield code="a">INNENARCHITEKTUR + INNENDEKORATION</subfield><subfield code="9">ger</subfield><subfield code="0">(ETHUDK)000035820</subfield><subfield code="2">ethudk</subfield></datafield><datafield ind1=" " ind2="7" tag="650"><subfield code="a">RAUM + RAUMKOMPOSITION (ARCHITEKTUR)</subfield><subfield code="9">ger</subfield><subfield code="0">(ETHUDK)000048040</subfield><subfield code="2">ethudk</subfield></datafield><datafield ind1=" " ind2="7" tag="650"><subfield code="a">RAUMEINTEILUNG (ARCHITEKTUR)</subfield><subfield code="9">ger</subfield><subfield code="0">(ETHUDK)000035532</subfield><subfield code="2">ethudk</subfield></datafield><datafield ind1=" " ind2="7" tag="650"><subfield code="a">SCHLÖSSER (ARCHITEKTUR)</subfield><subfield code="9">ger</subfield><subfield code="0">(ETHUDK)000035737</subfield><subfield code="2">ethudk</subfield></datafield><datafield ind1=" " ind2="7" tag="650"><subfield code="a">SIEBZEHNTES JAHRHUNDERT N. CHR.</subfield><subfield code="9">ger</subfield><subfield code="0">(ETHUDK)000008904</subfield><subfield code="2">ethudk</subfield></datafield><datafield ind1=" " ind2="7" tag="650"><subfield code="a">Hofzeremoniell</subfield><subfield code="0">(DE-588)4113952-5</subfield><subfield code="2">gnd</subfield></datafield><datafield ind1=" " ind2="7" tag="650"><subfield code="a">Schloss</subfield><subfield code="0">(DE-588)4052753-0</subfield><subfield code="2">gnd</subfield></datafield><datafield ind1=" " ind2="7" tag="650"><subfield code="a">Raumaufteilung</subfield><subfield code="0">(DE-588)4202971-5</subfield><subfield code="2">gnd</subfield></datafield><datafield ind1=" " ind2="7" tag="650"><subfield code="a">Raumtypisierung</subfield><subfield code="0">(DE-588)4177084-5</subfield><subfield code="2">gnd</subfield></datafield><datafield ind1=" " ind2="7" tag="651"><subfield code="a">Allemagne</subfield><subfield code="0">(IDREF)027218856</subfield><subfield code="2">idref</subfield></datafield><datafield ind1=" " ind2="7" tag="655"><subfield code="a">Actes de congrès</subfield><subfield code="0">(IDREF)02886431X</subfield><subfield code="2">idref</subfield></datafield><datafield ind1=" " ind2="7" tag="655"><subfield code="a">Konferenzschrift</subfield><subfield code="2">gnd-content</subfield></datafield><datafield ind1=" " ind2="7" tag="655"><subfield code="a">Konferenzschrift</subfield><subfield code="z">Bonn</subfield><subfield code="y">2012</subfield><subfield code="2">gnd-content</subfield></datafield><datafield ind1=" " ind2=" " tag="690"><subfield code="a">Kongress. Deutschland. Bonn</subfield><subfield code="2">uzb-US</subfield></datafield><datafield ind1=" " ind2=" " tag="690"><subfield code="a">Schloss. Barock</subfield><subfield code="2">uzb-US</subfield></datafield><datafield ind1=" " ind2=" " tag="690"><subfield code="a">Schloss. Rokoko</subfield><subfield code="2">uzb-US</subfield></datafield><datafield ind1=" " ind2=" " tag="690"><subfield code="a">Raum. Barock</subfield><subfield code="2">uzb-US</subfield></datafield><datafield ind1="1" ind2=" " tag="700"><subfield code="a">Jumperts, Marc</subfield><subfield code="0">(RERO)A027409018</subfield></datafield><datafield ind1="1" ind2=" " tag="700"><subfield code="a">Satzinger, Georg</subfield><subfield code="d">1956-</subfield><subfield code="0">(DE-588)133687228</subfield><subfield code="6">880-03</subfield></datafield><datafield ind1="1" ind2=" " tag="880"><subfield code="6">700-03</subfield><subfield code="a">Satzinger, Georg</subfield><subfield code="d">1956-....</subfield><subfield code="0">(IDREF)057204764</subfield></datafield><datafield ind1="2" ind2=" " tag="710"><subfield code="a">Rheinische Friedrich-Wilhelms-Universität Bonn</subfield><subfield code="b">Kunsthistorisches Institut</subfield><subfield code="0">(DE-588)18883-9</subfield></datafield><datafield ind1="4" ind2=" " tag="856"><subfield code="3">Titelblatt und Inhaltsverzeichnis</subfield><subfield code="u">https://toc.library.ethz.ch/objects/pdf03/e03_978-3-86887-024-4_01.pdf</subfield><subfield code="q">pdf</subfield></datafield><datafield ind1=" " ind2=" " tag="830"><subfield code="a">Tholos</subfield><subfield code="v">7</subfield><subfield code="w">(RERO)R004370885-41slsp</subfield></datafield><datafield ind1=" " ind2=" " tag="900"><subfield code="a">REROnoselfmerge</subfield></datafield><datafield ind1=" " ind2=" " tag="900"><subfield code="a">IDSZ2zbzmon201509l</subfield><subfield code="c">IDSZ2stad</subfield><subfield code="d">IDSZ2zbzswk201509b</subfield><subfield code="e">IDSZ2schl</subfield></datafield><datafield ind1=" " ind2=" " tag="949"><subfield code="a">https://toc.library.ethz.ch/objects/pdf03/e03_978-3-86887-024-4_01.pdf</subfield></datafield><datafield ind1=" " ind2=" " tag="993"><subfield code="a">BFLA 261600</subfield><subfield code="x">ge/ulha/a/15/0417</subfield><subfield code="9">LOCAL</subfield></datafield></record>
</metadata></record>