<record><header><identifier>oai:alma.41SLSP_UGE:991000011899705502</identifier><datestamp>2023-04-10T00:15:25Z</datestamp><setSpec>uge_bcen_RapidILL_BOOK</setSpec><setSpec>uge_aaca_RapidILL_BOOK</setSpec><setSpec>uge_abels_RapidILL_BOOK</setSpec><setSpec>uge_dbu_RapidILL_BOOK</setSpec><setSpec>uge_cmu_RapidILL_BOOK</setSpec><setSpec>uge_mail_RapidILL_BOOK</setSpec><setSpec>uge_abbat_RapidILL_BOOK</setSpec><setSpec>UNIGE_ALL</setSpec><setSpec>uge_acar_RapidILL_BOOK</setSpec><setSpec>uge_aobs_RapidILL_BOOK</setSpec></header><metadata>
<record xmlns="http://www.loc.gov/MARC21/slim" xmlns:xsi="http://www.w3.org/2001/XMLSchema-instance" xsi:schemaLocation="http://www.loc.gov/MARC21/slim http://www.loc.gov/standards/marcxml/schema/MARC21slim.xsd"><leader>01067nam a2200325 c 4500</leader><controlfield tag="001">991000011899705502</controlfield><controlfield tag="005">20230409190912.0</controlfield><controlfield tag="008">201011s1986    fr            00| | fre d</controlfield><datafield ind1=" " ind2=" " tag="020"><subfield code="a">9782258018396</subfield></datafield><datafield ind1=" " ind2=" " tag="035"><subfield code="a">(swissbib)215161602-41slsp_network</subfield></datafield><datafield ind1=" " ind2=" " tag="035"><subfield code="a">215161602</subfield><subfield code="9">ExL</subfield></datafield><datafield ind1=" " ind2=" " tag="035"><subfield code="a">(RERO)R009055477-41slsp</subfield></datafield><datafield ind1=" " ind2=" " tag="035"><subfield code="a">(IDSBB)002338528DSV01</subfield></datafield><datafield ind1=" " ind2=" " tag="035"><subfield code="a">(EXLNZ-41SLSP_NETWORK)991030317539705501</subfield></datafield><datafield ind1=" " ind2=" " tag="040"><subfield code="a">RERO geuses</subfield><subfield code="d">CH-ZuSLS</subfield></datafield><datafield ind1=" " ind2="7" tag="072"><subfield code="a">ss</subfield><subfield code="2">rero</subfield></datafield><datafield ind1="1" ind2=" " tag="100"><subfield code="a">Hawkes, Nigel</subfield><subfield code="0">(IDREF)026916584</subfield><subfield code="4">aut</subfield></datafield><datafield ind1="1" ind2="0" tag="245"><subfield code="a">Tchernobyl</subfield><subfield code="b">le récit de la première catastrophe nucléaire majeure de l'histoire</subfield><subfield code="c">Nigel Hawkes ... [et al.]</subfield></datafield><datafield ind1=" " ind2="1" tag="264"><subfield code="c">© 1986</subfield></datafield><datafield ind1=" " ind2="1" tag="264"><subfield code="a">Paris</subfield><subfield code="b">Presses de la cité</subfield><subfield code="c">[1986]</subfield></datafield><datafield ind1=" " ind2=" " tag="300"><subfield code="a">203 S.</subfield><subfield code="b">Ill., Tab., Kt.</subfield></datafield><datafield ind1=" " ind2=" " tag="336"><subfield code="b">txt</subfield><subfield code="2">rdacontent</subfield></datafield><datafield ind1=" " ind2=" " tag="337"><subfield code="b">n</subfield><subfield code="2">rdamedia</subfield></datafield><datafield ind1=" " ind2=" " tag="338"><subfield code="b">nc</subfield><subfield code="2">rdacarrier</subfield></datafield><datafield ind1="0" ind2=" " tag="490"><subfield code="a">Document</subfield></datafield><datafield ind1=" " ind2=" " tag="500"><subfield code="a">Traduit de l'anglais</subfield></datafield><datafield ind1=" " ind2="7" tag="650"><subfield code="a">Catastrophe nucléaire de Tchernobyl (1986)</subfield><subfield code="0">(IDREF)028649109</subfield><subfield code="2">idref</subfield></datafield><datafield ind1=" " ind2=" " tag="691"><subfield code="e">947</subfield><subfield code="a">Russland, Geschichte</subfield><subfield code="2">ube-GL</subfield></datafield><datafield ind1="1" ind2=" " tag="700"><subfield code="a">Lean, Geoffrey</subfield></datafield><datafield ind1="1" ind2=" " tag="700"><subfield code="a">Leigh, David</subfield></datafield><datafield ind1=" " ind2=" " tag="900"><subfield code="a">REROnoselfmerge</subfield></datafield></record>
</metadata></record>