<record><header><identifier>oai:alma.41SLSP_UGE:991000012209705502</identifier><datestamp>2023-04-08T00:17:38Z</datestamp><setSpec>uge_bcen_RapidILL_BOOK</setSpec><setSpec>uge_aaca_RapidILL_BOOK</setSpec><setSpec>uge_abels_RapidILL_BOOK</setSpec><setSpec>uge_dbu_RapidILL_BOOK</setSpec><setSpec>uge_cmu_RapidILL_BOOK</setSpec><setSpec>uge_mail_RapidILL_BOOK</setSpec><setSpec>uge_abbat_RapidILL_BOOK</setSpec><setSpec>UNIGE_ALL</setSpec><setSpec>uge_acar_RapidILL_BOOK</setSpec><setSpec>uge_aobs_RapidILL_BOOK</setSpec></header><metadata>
<record xmlns="http://www.loc.gov/MARC21/slim" xmlns:xsi="http://www.w3.org/2001/XMLSchema-instance" xsi:schemaLocation="http://www.loc.gov/MARC21/slim http://www.loc.gov/standards/marcxml/schema/MARC21slim.xsd"><leader>01375nam a2200397 c 4500</leader><controlfield tag="001">991000012209705502</controlfield><controlfield tag="005">20230406193257.0</controlfield><controlfield tag="008">201011s1979    it ||||| |||| 00| ||ita d</controlfield><datafield ind1=" " ind2=" " tag="020"><subfield code="a">8820202832</subfield></datafield><datafield ind1=" " ind2=" " tag="035"><subfield code="a">(swissbib)21297162X-41slsp_network</subfield></datafield><datafield ind1=" " ind2=" " tag="035"><subfield code="a">21297162X</subfield><subfield code="9">ExL</subfield></datafield><datafield ind1=" " ind2=" " tag="035"><subfield code="a">(RERO)0499653-41slsp</subfield></datafield><datafield ind1=" " ind2=" " tag="035"><subfield code="a">(SBT)000189179SBT01</subfield></datafield><datafield ind1=" " ind2=" " tag="035"><subfield code="a">(NEBIS)010310602EBI01</subfield></datafield><datafield ind1=" " ind2=" " tag="035"><subfield code="a">(EXLNZ-41SLSP_NETWORK)991004877539705501</subfield></datafield><datafield ind1=" " ind2=" " tag="040"><subfield code="a">RERO</subfield><subfield code="d">CH-ZuSLS</subfield></datafield><datafield ind1=" " ind2="7" tag="072"><subfield code="a">ba</subfield><subfield code="2">rero</subfield></datafield><datafield ind1="1" ind2=" " tag="100"><subfield code="a">Patti, Giuliano</subfield><subfield code="0">(RERO)A003675127</subfield><subfield code="4">cre</subfield></datafield><datafield ind1="1" ind2="0" tag="245"><subfield code="a">Fotomontaggio</subfield><subfield code="b">storia, tecnica ed estetica</subfield><subfield code="c">Giuliano Patti, Licinio Sacconi, Giovanni Ziliani ; con un scritto di Pio Baldelli</subfield></datafield><datafield ind1=" " ind2="1" tag="264"><subfield code="a">Milano</subfield><subfield code="b">G. Mazzotta</subfield><subfield code="c">1979</subfield></datafield><datafield ind1=" " ind2=" " tag="300"><subfield code="a">238 p.</subfield><subfield code="b">ill.</subfield><subfield code="c">24 cm</subfield></datafield><datafield ind1=" " ind2=" " tag="336"><subfield code="b">txt</subfield><subfield code="2">rdacontent</subfield></datafield><datafield ind1=" " ind2=" " tag="337"><subfield code="b">n</subfield><subfield code="2">rdamedia</subfield></datafield><datafield ind1=" " ind2=" " tag="338"><subfield code="b">nc</subfield><subfield code="2">rdacarrier</subfield></datafield><datafield ind1="1" ind2=" " tag="490"><subfield code="a">Antologie e saggi</subfield><subfield code="v">8</subfield></datafield><datafield ind1=" " ind2=" " tag="504"><subfield code="a">Bibliogr</subfield></datafield><datafield ind1=" " ind2="7" tag="650"><subfield code="a">Photomontage</subfield><subfield code="0">(IDREF)028035348</subfield><subfield code="2">idref</subfield></datafield><datafield ind1=" " ind2="7" tag="650"><subfield code="a">20e siècle</subfield><subfield code="0">(IDREF)086305646</subfield><subfield code="2">idref</subfield></datafield><datafield ind1=" " ind2="7" tag="650"><subfield code="a">Fotomontaggio</subfield><subfield code="0">(SBT12)000017157</subfield><subfield code="2">sbt12</subfield></datafield><datafield ind1=" " ind2=" " tag="690"><subfield code="a">Künstlerische Photographie</subfield><subfield code="2">ids-G7</subfield></datafield><datafield ind1=" " ind2=" " tag="690"><subfield code="a">Photomontage</subfield><subfield code="2">ids-G7</subfield></datafield><datafield ind1=" " ind2=" " tag="691"><subfield code="e">770.010</subfield><subfield code="2">usi-TM</subfield></datafield><datafield ind1="1" ind2=" " tag="700"><subfield code="a">Baldelli, Pio</subfield><subfield code="0">(IDREF)032287933</subfield></datafield><datafield ind1="1" ind2=" " tag="700"><subfield code="a">Sacconi, Licinio</subfield><subfield code="0">(IDREF)16581859X</subfield></datafield><datafield ind1="1" ind2=" " tag="700"><subfield code="a">Ziliani, Giovanni</subfield><subfield code="0">(RERO)A003999888</subfield></datafield><datafield ind1=" " ind2="0" tag="830"><subfield code="a">Antologie e saggi</subfield><subfield code="v">8</subfield><subfield code="w">(RERO)0093551-41slsp</subfield></datafield><datafield ind1=" " ind2=" " tag="900"><subfield code="a">REROnoselfmerge</subfield></datafield><datafield ind1=" " ind2=" " tag="993"><subfield code="a">BFLA 1704</subfield><subfield code="x">ge/ulha/a/84/02/0052</subfield><subfield code="9">LOCAL</subfield></datafield></record>
</metadata></record>