<record><header><identifier>oai:alma.41SLSP_UGE:991000011479705502</identifier><datestamp>2023-05-06T00:11:49Z</datestamp><setSpec>uge_bcen_RapidILL_BOOK</setSpec><setSpec>uge_aaca_RapidILL_BOOK</setSpec><setSpec>uge_abels_RapidILL_BOOK</setSpec><setSpec>uge_dbu_RapidILL_BOOK</setSpec><setSpec>uge_cmu_RapidILL_BOOK</setSpec><setSpec>uge_mail_RapidILL_BOOK</setSpec><setSpec>uge_abbat_RapidILL_BOOK</setSpec><setSpec>UNIGE_ALL</setSpec><setSpec>uge_acar_RapidILL_BOOK</setSpec><setSpec>uge_aobs_RapidILL_BOOK</setSpec></header><metadata>
<record xmlns="http://www.loc.gov/MARC21/slim" xmlns:xsi="http://www.w3.org/2001/XMLSchema-instance" xsi:schemaLocation="http://www.loc.gov/MARC21/slim http://www.loc.gov/standards/marcxml/schema/MARC21slim.xsd"><leader>01536nam a2200457 c 4500</leader><controlfield tag="001">991000011479705502</controlfield><controlfield tag="005">20230506011543.0</controlfield><controlfield tag="008">201011s1988    xxk||||| |||| 00| ||eng d</controlfield><datafield ind1=" " ind2=" " tag="020"><subfield code="a">0852639384</subfield></datafield><datafield ind1=" " ind2=" " tag="035"><subfield code="a">(swissbib)226139166-41slsp_network</subfield></datafield><datafield ind1=" " ind2=" " tag="035"><subfield code="a">226139166</subfield><subfield code="9">ExL</subfield></datafield><datafield ind1=" " ind2=" " tag="035"><subfield code="a">(RERO)1671476-41slsp</subfield></datafield><datafield ind1=" " ind2=" " tag="035"><subfield code="a">(IDSBB)002633768DSV01</subfield></datafield><datafield ind1=" " ind2=" " tag="035"><subfield code="a">(NEBIS)001063106EBI01</subfield></datafield><datafield ind1=" " ind2=" " tag="035"><subfield code="a">(EXLNZ-41SLSP_NETWORK)991093737189705501</subfield></datafield><datafield ind1=" " ind2=" " tag="040"><subfield code="a">RERO geulsa</subfield><subfield code="d">CH-ZuSLS</subfield></datafield><datafield ind1=" " ind2="7" tag="072"><subfield code="a">ar</subfield><subfield code="2">rero</subfield></datafield><datafield ind1=" " ind2="7" tag="072"><subfield code="a">ae</subfield><subfield code="2">SzZuIDS BS/BE</subfield></datafield><datafield ind1="0" ind2="0" tag="082"><subfield code="a">932.011</subfield></datafield><datafield ind1="1" ind2="4" tag="082"><subfield code="a">930</subfield><subfield code="2">15</subfield></datafield><datafield ind1=" " ind2=" " tag="084"><subfield code="a">LE 5430</subfield><subfield code="2">rvk</subfield></datafield><datafield ind1="1" ind2=" " tag="100"><subfield code="a">Adams, Barbara</subfield><subfield code="0">(RERO)A002907915</subfield><subfield code="4">cre</subfield></datafield><datafield ind1="1" ind2="0" tag="245"><subfield code="a">Predynastic Egypt</subfield><subfield code="c">Barbara Adams</subfield></datafield><datafield ind1=" " ind2="1" tag="264"><subfield code="a">Aylesbury</subfield><subfield code="b">Shire Publications</subfield><subfield code="c">1988</subfield></datafield><datafield ind1=" " ind2=" " tag="300"><subfield code="a">76 p.</subfield><subfield code="b">ill.</subfield><subfield code="c">21 cm</subfield></datafield><datafield ind1=" " ind2=" " tag="336"><subfield code="b">txt</subfield><subfield code="2">rdacontent</subfield></datafield><datafield ind1=" " ind2=" " tag="337"><subfield code="b">n</subfield><subfield code="2">rdamedia</subfield></datafield><datafield ind1=" " ind2=" " tag="338"><subfield code="b">nc</subfield><subfield code="2">rdacarrier</subfield></datafield><datafield ind1="1" ind2=" " tag="490"><subfield code="a">Shire egyptology</subfield><subfield code="v">7</subfield></datafield><datafield ind1=" " ind2=" " tag="504"><subfield code="a">Literaturverz.</subfield></datafield><datafield ind1=" " ind2="7" tag="650"><subfield code="a">Archéologie</subfield><subfield code="0">(IDREF)02726971X</subfield><subfield code="2">idref</subfield></datafield><datafield ind1=" " ind2="7" tag="650"><subfield code="a">5500 av. J.-C.-3050 av. J.-C.</subfield><subfield code="2">idref</subfield></datafield><datafield ind1=" " ind2="7" tag="650"><subfield code="a">Ausgrabung</subfield><subfield code="2">idszbz</subfield></datafield><datafield ind1=" " ind2="7" tag="651"><subfield code="a">Égypte</subfield><subfield code="y">Jusqu'à 640</subfield><subfield code="0">(IDREF)027772195</subfield><subfield code="2">idref</subfield></datafield><datafield ind1=" " ind2="7" tag="651"><subfield code="a">Ägypten (Altertum)</subfield><subfield code="2">idszbz</subfield></datafield><datafield ind1=" " ind2="0" tag="651"><subfield code="a">Egipte</subfield><subfield code="x">Història</subfield><subfield code="y">Fins al 332 a.C</subfield></datafield><datafield ind1=" " ind2="0" tag="651"><subfield code="a">Egypt</subfield><subfield code="x">Antiquities</subfield></datafield><datafield ind1=" " ind2="0" tag="651"><subfield code="a">Egypt</subfield><subfield code="x">Civilization</subfield><subfield code="y">To 332 B.C</subfield></datafield><datafield ind1=" " ind2=" " tag="690"><subfield code="a">Ausgrabung / Einzelne Gebiete und Orte / Afrika / Aegypten / 1980- ersch.</subfield><subfield code="2">uzb-Z9</subfield></datafield><datafield ind1=" " ind2=" " tag="690"><subfield code="a">Ägypten (Altertum) / Archäologie / 1970- ersch.</subfield><subfield code="2">uzb-Z9</subfield></datafield><datafield ind1=" " ind2=" " tag="830"><subfield code="a">Shire Egyptology</subfield><subfield code="v">7</subfield><subfield code="w">(RERO)1013177-41slsp</subfield></datafield><datafield ind1=" " ind2=" " tag="900"><subfield code="a">REROnoselfmerge</subfield></datafield></record>
</metadata></record>