<record><header><identifier>oai:alma.41SLSP_UGE:991000011709705502</identifier><datestamp>2023-03-31T00:26:26Z</datestamp><setSpec>uge_bcen_RapidILL_BOOK</setSpec><setSpec>uge_aaca_RapidILL_BOOK</setSpec><setSpec>uge_abels_RapidILL_BOOK</setSpec><setSpec>uge_dbu_RapidILL_BOOK</setSpec><setSpec>uge_cmu_RapidILL_BOOK</setSpec><setSpec>uge_mail_RapidILL_BOOK</setSpec><setSpec>uge_abbat_RapidILL_BOOK</setSpec><setSpec>UNIGE_ALL</setSpec><setSpec>uge_aobs_RapidILL_BOOK</setSpec><setSpec>uge_acar_RapidILL_BOOK</setSpec></header><metadata>
<record xmlns="http://www.loc.gov/MARC21/slim" xmlns:xsi="http://www.w3.org/2001/XMLSchema-instance" xsi:schemaLocation="http://www.loc.gov/MARC21/slim http://www.loc.gov/standards/marcxml/schema/MARC21slim.xsd"><leader>01098nam a2200289 c 4500</leader><controlfield tag="001">991000011709705502</controlfield><controlfield tag="005">20230330185628.0</controlfield><controlfield tag="008">050930s1990    xxu||||| |||| 00| ||eng d</controlfield><datafield ind1=" " ind2=" " tag="020"><subfield code="a">0898380650</subfield></datafield><datafield ind1=" " ind2=" " tag="035"><subfield code="a">(swissbib)102442932-41slsp_network</subfield></datafield><datafield ind1=" " ind2=" " tag="035"><subfield code="a">102442932</subfield><subfield code="9">ExL</subfield></datafield><datafield ind1=" " ind2=" " tag="035"><subfield code="a">(RERO)R003914898-41slsp</subfield></datafield><datafield ind1=" " ind2=" " tag="035"><subfield code="a">(EXLNZ-41SLSP_NETWORK)991080549119705501</subfield></datafield><datafield ind1=" " ind2=" " tag="040"><subfield code="a">RERO geufpe</subfield><subfield code="d">CH-ZuSLS</subfield></datafield><datafield ind1=" " ind2="7" tag="072"><subfield code="a">ma</subfield><subfield code="2">rero</subfield></datafield><datafield ind1="1" ind2=" " tag="100"><subfield code="a">Hambleton, Ronald K.</subfield><subfield code="0">(IDREF)086112716</subfield><subfield code="4">cre</subfield></datafield><datafield ind1="1" ind2="0" tag="245"><subfield code="a">Item response theory</subfield><subfield code="b">principles and applications</subfield><subfield code="c">Ronald K. Hambleton, Hariharan Swaminathan</subfield></datafield><datafield ind1=" " ind2="1" tag="264"><subfield code="a">Boston [etc.]</subfield><subfield code="b">Kluwer-Nijhoff</subfield><subfield code="c">cop. 1985 (impr. 1990)</subfield></datafield><datafield ind1=" " ind2=" " tag="300"><subfield code="a">xviii, 332 p.</subfield><subfield code="b">ill.</subfield><subfield code="c">25 cm</subfield></datafield><datafield ind1=" " ind2=" " tag="336"><subfield code="b">txt</subfield><subfield code="2">rdacontent</subfield></datafield><datafield ind1=" " ind2=" " tag="337"><subfield code="b">n</subfield><subfield code="2">rdamedia</subfield></datafield><datafield ind1=" " ind2=" " tag="338"><subfield code="b">nc</subfield><subfield code="2">rdacarrier</subfield></datafield><datafield ind1="1" ind2=" " tag="490"><subfield code="a">Evaluation in education and human services series</subfield></datafield><datafield ind1=" " ind2="7" tag="650"><subfield code="a">test - analyse</subfield><subfield code="0">(RERO)A010157300</subfield><subfield code="2">rerovoc</subfield></datafield><datafield ind1=" " ind2="7" tag="650"><subfield code="a">Estimation, Théorie de l'</subfield><subfield code="0">(IDREF)027611361</subfield><subfield code="2">idref</subfield></datafield><datafield ind1="1" ind2=" " tag="700"><subfield code="a">Swaminathan, Hariharan</subfield><subfield code="d">19..-....</subfield><subfield code="0">(IDREF)111674131</subfield></datafield><datafield ind1=" " ind2="0" tag="830"><subfield code="a">Evaluation in education and human services</subfield><subfield code="w">(RERO)0734516-41slsp</subfield></datafield><datafield ind1=" " ind2=" " tag="900"><subfield code="a">REROnoselfmerge</subfield></datafield></record>
</metadata></record>