<record><header><identifier>oai:alma.41SLSP_UGE:991000012229705502</identifier><datestamp>2023-04-08T00:11:07Z</datestamp><setSpec>uge_bcen_RapidILL_BOOK</setSpec><setSpec>uge_aaca_RapidILL_BOOK</setSpec><setSpec>uge_abels_RapidILL_BOOK</setSpec><setSpec>uge_dbu_RapidILL_BOOK</setSpec><setSpec>uge_cmu_RapidILL_BOOK</setSpec><setSpec>uge_mail_RapidILL_BOOK</setSpec><setSpec>uge_abbat_RapidILL_BOOK</setSpec><setSpec>UNIGE_ALL</setSpec><setSpec>uge_aobs_RapidILL_BOOK</setSpec><setSpec>uge_acar_RapidILL_BOOK</setSpec></header><metadata>
<record xmlns="http://www.loc.gov/MARC21/slim" xmlns:xsi="http://www.w3.org/2001/XMLSchema-instance" xsi:schemaLocation="http://www.loc.gov/MARC21/slim http://www.loc.gov/standards/marcxml/schema/MARC21slim.xsd"><leader>02151nam a2200481 c 4500</leader><controlfield tag="001">991000012229705502</controlfield><controlfield tag="005">20230407135248.0</controlfield><controlfield tag="008">201012t19971997gw ||||| |||| 10| ||eng d</controlfield><datafield ind1=" " ind2=" " tag="015"><subfield code="a">97,N34,0425</subfield></datafield><datafield ind1=" " ind2=" " tag="020"><subfield code="a">354063455X</subfield><subfield code="q">kart.</subfield></datafield><datafield ind1=" " ind2=" " tag="035"><subfield code="a">(swissbib)238201279-41slsp_network</subfield></datafield><datafield ind1=" " ind2=" " tag="035"><subfield code="a">238201279</subfield><subfield code="9">ExL</subfield></datafield><datafield ind1=" " ind2=" " tag="035"><subfield code="a">(RERO)R218998860-41slsp</subfield></datafield><datafield ind1=" " ind2=" " tag="035"><subfield code="a">(NEBIS)001810225EBI01</subfield></datafield><datafield ind1=" " ind2=" " tag="035"><subfield code="a">(EXLNZ-41SLSP_NETWORK)991134267689705501</subfield></datafield><datafield ind1=" " ind2=" " tag="040"><subfield code="a">RERO geucui</subfield><subfield code="d">CH-ZuSLS</subfield></datafield><datafield ind1=" " ind2="7" tag="072"><subfield code="a">in</subfield><subfield code="2">rero</subfield></datafield><datafield ind1=" " ind2="7" tag="072"><subfield code="a">ma</subfield><subfield code="2">rero</subfield></datafield><datafield ind1="0" ind2="0" tag="245"><subfield code="a">Category theory and computer science</subfield><subfield code="b">7th international conference, CTCS'97, Santa Margherita Ligure, Italy, September 4-6, 1997 : proceedings</subfield><subfield code="c">Eugenio Moggi, Giuseppe Rosolini, (eds.)</subfield></datafield><datafield ind1="1" ind2=" " tag="246"><subfield code="a">CTCS'97</subfield></datafield><datafield ind1="1" ind2=" " tag="246"><subfield code="a">CTCS '97</subfield></datafield><datafield ind1=" " ind2="1" tag="264"><subfield code="a">Berlin [etc.]</subfield><subfield code="b">Springer</subfield><subfield code="c">[1997]</subfield></datafield><datafield ind1=" " ind2="4" tag="264"><subfield code="c">© 1997</subfield></datafield><datafield ind1=" " ind2=" " tag="300"><subfield code="a">313 S.</subfield><subfield code="c">24 cm</subfield><subfield code="b">Ill.</subfield></datafield><datafield ind1=" " ind2=" " tag="336"><subfield code="b">txt</subfield><subfield code="2">rdacontent</subfield></datafield><datafield ind1=" " ind2=" " tag="337"><subfield code="b">n</subfield><subfield code="2">rdamedia</subfield></datafield><datafield ind1=" " ind2=" " tag="338"><subfield code="b">nc</subfield><subfield code="2">rdacarrier</subfield></datafield><datafield ind1="1" ind2=" " tag="490"><subfield code="a">Lecture notes in computer science</subfield><subfield code="v">1290</subfield></datafield><datafield ind1=" " ind2=" " tag="500"><subfield code="a">Variante du titre: CTCS'97</subfield></datafield><datafield ind1=" " ind2=" " tag="500"><subfield code="a">Rückentitel: CTCS '97</subfield></datafield><datafield ind1=" " ind2=" " tag="500"><subfield code="a">&quot;... presented at the seventh meeting of the Biennial Conference on Category Theory and Computer Science ...&quot;</subfield></datafield><datafield ind1=" " ind2="7" tag="650"><subfield code="a">Catégories (mathématiques)</subfield><subfield code="0">(IDREF)027339521</subfield><subfield code="2">idref</subfield></datafield><datafield ind1=" " ind2="7" tag="650"><subfield code="a">informatique théorique</subfield><subfield code="0">(RERO)A010098673</subfield><subfield code="2">rerovoc</subfield></datafield><datafield ind1=" " ind2="7" tag="650"><subfield code="a">KATEGORIENTHEORIE (ALGEBRA)</subfield><subfield code="9">ger</subfield><subfield code="0">(ETHUDK)000012737</subfield><subfield code="2">ethudk</subfield></datafield><datafield ind1=" " ind2="7" tag="650"><subfield code="a">PRODUKTIONEN (THEORIE DER PROGRAMMIERUNG)</subfield><subfield code="9">ger</subfield><subfield code="0">(ETHUDK)000013824</subfield><subfield code="2">ethudk</subfield></datafield><datafield ind1=" " ind2="7" tag="650"><subfield code="a">THEORETISCHE INFORMATIK</subfield><subfield code="9">ger</subfield><subfield code="0">(ETHUDK)000052054</subfield><subfield code="2">ethudk</subfield></datafield><datafield ind1=" " ind2="7" tag="655"><subfield code="a">Actes de congrès</subfield><subfield code="0">(IDREF)02886431X</subfield><subfield code="2">idref</subfield></datafield><datafield ind1=" " ind2="7" tag="655"><subfield code="a">Konferenzschrift</subfield><subfield code="z">Santa Margherita Ligure</subfield><subfield code="y">1997/09</subfield><subfield code="2">gnd-content</subfield></datafield><datafield ind1="1" ind2=" " tag="700"><subfield code="a">Moggi, Eugenio</subfield><subfield code="0">(RERO)A003601101</subfield></datafield><datafield ind1="2" ind2=" " tag="711"><subfield code="a">Category Theory and Computer Science</subfield><subfield code="0">(DE-588)1091924066</subfield></datafield><datafield ind1="2" ind2=" " tag="711"><subfield code="a">International Conference on Category Theory and Computer Science</subfield><subfield code="n">7</subfield><subfield code="d">1997</subfield><subfield code="c">Santa Margherita Ligure</subfield><subfield code="0">(RERO)A012368651</subfield></datafield><datafield ind1=" " ind2=" " tag="830"><subfield code="a">Lecture notes in computer science</subfield><subfield code="n">1 (1973) - 2999 (2004)</subfield><subfield code="v">1290</subfield><subfield code="w">(NEBIS)000025969EBI01</subfield></datafield><datafield ind1=" " ind2=" " tag="830"><subfield code="a">Lecture notes in computer science</subfield><subfield code="v">1290</subfield><subfield code="w">(RERO)0078255-41slsp</subfield></datafield><datafield ind1=" " ind2=" " tag="900"><subfield code="a">REROnoselfmerge</subfield></datafield></record>
</metadata></record>