<record><header><identifier>oai:alma.41SLSP_UGE:991000012329705502</identifier><datestamp>2024-01-14T08:58:44Z</datestamp><setSpec>uge_bcen_RapidILL_BOOK</setSpec><setSpec>uge_aaca_RapidILL_BOOK</setSpec><setSpec>uge_abels_RapidILL_BOOK</setSpec><setSpec>uge_dbu_RapidILL_BOOK</setSpec><setSpec>uge_cmu_RapidILL_BOOK</setSpec><setSpec>uge_mail_RapidILL_BOOK</setSpec><setSpec>uge_abbat_RapidILL_BOOK</setSpec><setSpec>UNIGE_ALL</setSpec><setSpec>uge_aobs_RapidILL_BOOK</setSpec><setSpec>uge_acar_RapidILL_BOOK</setSpec></header><metadata>
<record xmlns="http://www.loc.gov/MARC21/slim" xmlns:xsi="http://www.w3.org/2001/XMLSchema-instance" xsi:schemaLocation="http://www.loc.gov/MARC21/slim http://www.loc.gov/standards/marcxml/schema/MARC21slim.xsd"><leader>02919nam a2200613 c 4500</leader><controlfield tag="001">991000012329705502</controlfield><controlfield tag="005">20230129185152.0</controlfield><controlfield tag="008">201011s2014    it       |||| 00| | ita|d</controlfield><datafield ind1=" " ind2=" " tag="020"><subfield code="a">9788867281275</subfield></datafield><datafield ind1="7" ind2=" " tag="024"><subfield code="a">http://catalogue.bnf.fr/ark:/12148/cb44237833v</subfield><subfield code="2">uri</subfield></datafield><datafield ind1=" " ind2=" " tag="035"><subfield code="a">(swissbib)218015917-41slsp_network</subfield></datafield><datafield ind1=" " ind2=" " tag="035"><subfield code="a">218015917</subfield><subfield code="9">ExL</subfield></datafield><datafield ind1=" " ind2=" " tag="035"><subfield code="a">(IDSBB)006649138DSV01</subfield></datafield><datafield ind1=" " ind2=" " tag="035"><subfield code="a">(RERO)R007850278-41slsp</subfield></datafield><datafield ind1=" " ind2=" " tag="035"><subfield code="a">(EXLNZ-41SLSP_NETWORK)991070317089705501</subfield></datafield><datafield ind1=" " ind2=" " tag="040"><subfield code="a">RERO vdbcul</subfield><subfield code="b">ger</subfield><subfield code="e">rda</subfield><subfield code="d">CH-ZuSLS</subfield></datafield><datafield ind1="0" ind2=" " tag="041"><subfield code="a">ita</subfield><subfield code="a">lat</subfield></datafield><datafield ind1=" " ind2="7" tag="072"><subfield code="a">ng</subfield><subfield code="2">SzZuIDS BS/BE</subfield></datafield><datafield ind1=" " ind2="7" tag="072"><subfield code="a">hm</subfield><subfield code="2">rero</subfield></datafield><datafield ind1="1" ind2="4" tag="082"><subfield code="a">900</subfield><subfield code="2">15</subfield></datafield><datafield ind1="1" ind2=" " tag="100"><subfield code="a">Sanudo, Marin</subfield><subfield code="d">1466-1536</subfield><subfield code="0">(DE-588)11897002X</subfield><subfield code="e">Verfasser</subfield><subfield code="4">aut</subfield><subfield code="6">880-01</subfield></datafield><datafield ind1="1" ind2=" " tag="880"><subfield code="6">100-01</subfield><subfield code="a">Sanudo, Marino</subfield><subfield code="d">1466-1535</subfield><subfield code="0">(IDREF)030219574</subfield><subfield code="4">cre</subfield></datafield><datafield ind1="1" ind2="0" tag="240"><subfield code="a">Itinerario per la terraferma veneziana nell'anno 1483</subfield></datafield><datafield ind1="1" ind2="0" tag="245"><subfield code="a">Itinerario per la Terraferma veneziana</subfield><subfield code="c">Marino Sanudo ; edizioni critica e commento a cura di Gian Maria Varanini ; con saggi di Alfredo Buonopane, Antonio Ciaralli, Michael Knapton, John Law, Gian Maria Varanini</subfield></datafield><datafield ind1=" " ind2="1" tag="264"><subfield code="a">Roma</subfield><subfield code="b">Viella</subfield><subfield code="c">[2014]</subfield></datafield><datafield ind1=" " ind2=" " tag="300"><subfield code="a">684 Seiten</subfield><subfield code="b">Illustrationen</subfield></datafield><datafield ind1=" " ind2=" " tag="336"><subfield code="b">txt</subfield><subfield code="2">rdacontent</subfield></datafield><datafield ind1=" " ind2=" " tag="337"><subfield code="b">n</subfield><subfield code="2">rdamedia</subfield></datafield><datafield ind1=" " ind2=" " tag="338"><subfield code="b">nc</subfield><subfield code="2">rdacarrier</subfield></datafield><datafield ind1="1" ind2=" " tag="490"><subfield code="a">Cliopoli. Nuova serie</subfield><subfield code="v">1</subfield></datafield><datafield ind1=" " ind2=" " tag="500"><subfield code="a">Indice degli autori moderni, indice dei nomi di persona, indice dei nomi di luogo</subfield></datafield><datafield ind1=" " ind2=" " tag="504"><subfield code="a">Bibliografia: p. [571]-622</subfield></datafield><datafield ind1=" " ind2=" " tag="546"><subfield code="a">In lateinischer und italienischer Sprache</subfield></datafield><datafield ind1="1" ind2="7" tag="600"><subfield code="a">Sanudo, Marin</subfield><subfield code="d">1466-1536</subfield><subfield code="0">(DE-588)11897002X</subfield><subfield code="2">gnd</subfield></datafield><datafield ind1="1" ind2="0" tag="600"><subfield code="a">Sanudo, Marino</subfield><subfield code="d">1466-1536</subfield><subfield code="t">Itinerario di Martin Sanuto per la terraferma veneziana</subfield></datafield><datafield ind1=" " ind2="7" tag="650"><subfield code="a">Karte</subfield><subfield code="0">(DE-588)4029783-4</subfield><subfield code="2">gnd</subfield></datafield><datafield ind1=" " ind2="7" tag="650"><subfield code="a">15e siècle (fin)</subfield><subfield code="0">(RERO)A022579515</subfield><subfield code="2">rero</subfield></datafield><datafield ind1=" " ind2="7" tag="651"><subfield code="a">Terra ferma</subfield><subfield code="0">(DE-588)4359176-0</subfield><subfield code="2">gnd</subfield></datafield><datafield ind1=" " ind2="7" tag="651"><subfield code="a">Venetien</subfield><subfield code="0">(DE-588)4062510-2</subfield><subfield code="2">gnd</subfield></datafield><datafield ind1=" " ind2="0" tag="651"><subfield code="a">Venice (Italy)</subfield><subfield code="x">Description and travel</subfield><subfield code="v">Early works to 1800</subfield></datafield><datafield ind1=" " ind2="7" tag="651"><subfield code="a">Venise (Italie)</subfield><subfield code="0">(IDREF)027251411</subfield><subfield code="2">idref</subfield></datafield><datafield ind1=" " ind2="7" tag="655"><subfield code="a">Quelle</subfield><subfield code="2">gnd-content</subfield></datafield><datafield ind1=" " ind2="7" tag="655"><subfield code="a">Récits de voyages</subfield><subfield code="0">(IDREF)27242285</subfield><subfield code="2">idref</subfield></datafield><datafield ind1="1" ind2="2" tag="700"><subfield code="a">Sanudo, Marin</subfield><subfield code="d">1466-1536</subfield><subfield code="t">Itinerario per la terraferma veneziana nell'anno 1483</subfield><subfield code="0">(DE-588)7622599-9</subfield></datafield><datafield ind1="1" ind2=" " tag="700"><subfield code="a">Ciaralli, Antonio</subfield><subfield code="d">1963-</subfield><subfield code="0">(DE-588)132905779</subfield><subfield code="e">Mitwirkender</subfield><subfield code="4">ctb</subfield></datafield><datafield ind1="1" ind2=" " tag="700"><subfield code="a">Knapton, Michael</subfield><subfield code="e">Mitwirkender</subfield><subfield code="4">ctb</subfield></datafield><datafield ind1="1" ind2=" " tag="700"><subfield code="a">Law, John E.</subfield><subfield code="d">1945-</subfield><subfield code="0">(DE-588)12272531X</subfield><subfield code="e">Mitwirkender</subfield><subfield code="4">ctb</subfield></datafield><datafield ind1="1" ind2=" " tag="700"><subfield code="a">Varanini, Gian Maria</subfield><subfield code="d">1950-</subfield><subfield code="0">(DE-588)1055749594</subfield><subfield code="e">Herausgeber</subfield><subfield code="e">Kommentarverfasser</subfield><subfield code="4">edt</subfield><subfield code="4">wac</subfield><subfield code="6">880-06</subfield></datafield><datafield ind1="1" ind2=" " tag="880"><subfield code="6">700-06</subfield><subfield code="a">Varanini, Gian Maria</subfield><subfield code="d">1950-....</subfield><subfield code="0">(IDREF)029320828</subfield></datafield><datafield ind1="1" ind2=" " tag="700"><subfield code="a">Buonopane, Alfredo</subfield><subfield code="e">Mitwirkender</subfield><subfield code="4">ctb</subfield><subfield code="6">880-07</subfield></datafield><datafield ind1="1" ind2=" " tag="880"><subfield code="6">700-07</subfield><subfield code="a">Buonopane, Alfredo</subfield><subfield code="d">1950-....</subfield><subfield code="0">(IDREF)057512477</subfield></datafield><datafield ind1="4" ind2=" " tag="856"><subfield code="3">Inhaltsverzeichnis</subfield><subfield code="u">http://www.ub.unibas.ch/tox/IDSBB/006649138/PDF</subfield><subfield code="q">pdf</subfield></datafield><datafield ind1=" " ind2=" " tag="830"><subfield code="a">Cliopoli</subfield><subfield code="p">Nuova serie</subfield><subfield code="v">1</subfield><subfield code="w">(RERO)R008425868-41slsp</subfield></datafield><datafield ind1=" " ind2=" " tag="900"><subfield code="a">REROnoselfmerge</subfield></datafield><datafield ind1=" " ind2=" " tag="949"><subfield code="a">http://www.ub.unibas.ch/tox/IDSBB/006649138/PDF</subfield></datafield></record>
</metadata></record>