<record><header><identifier>oai:alma.41SLSP_UGE:991000011389705502</identifier><datestamp>2024-09-21T00:14:43Z</datestamp><setSpec>uge_bcen_RapidILL_BOOK</setSpec><setSpec>uge_aaca_RapidILL_BOOK</setSpec><setSpec>uge_abels_RapidILL_BOOK</setSpec><setSpec>uge_dbu_RapidILL_BOOK</setSpec><setSpec>uge_cmu_RapidILL_BOOK</setSpec><setSpec>uge_mail_RapidILL_BOOK</setSpec><setSpec>uge_abbat_RapidILL_BOOK</setSpec><setSpec>UNIGE_ALL</setSpec><setSpec>uge_acar_RapidILL_BOOK</setSpec><setSpec>uge_aobs_RapidILL_BOOK</setSpec></header><metadata>
<record xmlns="http://www.loc.gov/MARC21/slim" xmlns:xsi="http://www.w3.org/2001/XMLSchema-instance" xsi:schemaLocation="http://www.loc.gov/MARC21/slim http://www.loc.gov/standards/marcxml/schema/MARC21slim.xsd"><leader>01335nam a2200325 c 4500</leader><controlfield tag="001">991000011389705502</controlfield><controlfield tag="005">20240920181639.0</controlfield><controlfield tag="008">201012s1999    sg ||||| |||| 00| ||fre d</controlfield><datafield ind1=" " ind2=" " tag="020"><subfield code="a">9291300284</subfield></datafield><datafield ind1=" " ind2=" " tag="035"><subfield code="a">(swissbib)242966926-41slsp_network</subfield></datafield><datafield ind1=" " ind2=" " tag="035"><subfield code="a">242966926</subfield><subfield code="9">ExL</subfield></datafield><datafield ind1=" " ind2=" " tag="035"><subfield code="a">(RERO)R272383760-41slsp</subfield></datafield><datafield ind1=" " ind2=" " tag="035"><subfield code="a">(IDSBB)002030518DSV01</subfield></datafield><datafield ind1=" " ind2=" " tag="035"><subfield code="a">(EXLNZ-41SLSP_NETWORK)991002260549705501</subfield></datafield><datafield ind1=" " ind2=" " tag="040"><subfield code="a">RERO geuses</subfield><subfield code="d">CH-ZuSLS</subfield></datafield><datafield ind1=" " ind2="7" tag="072"><subfield code="a">sp</subfield><subfield code="2">rero</subfield></datafield><datafield ind1=" " ind2=" " tag="084"><subfield code="a">MS 8400</subfield><subfield code="2">rvk</subfield></datafield><datafield ind1="0" ind2="0" tag="245"><subfield code="a">Enda, construire des citoyens</subfield><subfield code="b">lutter contre la pauvreté, animer les citoyennetés, agir à tous les niveaux de décision</subfield><subfield code="c">équipes Enda</subfield></datafield><datafield ind1=" " ind2="1" tag="264"><subfield code="a">Dakar</subfield><subfield code="b">Enda</subfield><subfield code="c">1999</subfield></datafield><datafield ind1=" " ind2=" " tag="300"><subfield code="a">111 p.</subfield><subfield code="b">ill.</subfield><subfield code="c">22 cm</subfield></datafield><datafield ind1=" " ind2=" " tag="336"><subfield code="b">txt</subfield><subfield code="2">rdacontent</subfield></datafield><datafield ind1=" " ind2=" " tag="337"><subfield code="b">n</subfield><subfield code="2">rdamedia</subfield></datafield><datafield ind1=" " ind2=" " tag="338"><subfield code="b">nc</subfield><subfield code="2">rdacarrier</subfield></datafield><datafield ind1="1" ind2=" " tag="490"><subfield code="a">Environnement africain. Études et recherches</subfield><subfield code="v">no 208</subfield></datafield><datafield ind1="1" ind2=" " tag="490"><subfield code="a">Etudes et recherches / ENDA</subfield><subfield code="v">No. 208</subfield></datafield><datafield ind1=" " ind2=" " tag="500"><subfield code="a">Réalisé à partir du document provisoire intitulé: enda au travail, rapport d'activité de l'année 1998</subfield></datafield><datafield ind1="2" ind2=" " tag="710"><subfield code="a">Environment and Development in the Third World</subfield><subfield code="0">(DE-588)1086335678</subfield></datafield><datafield ind1="2" ind2=" " tag="710"><subfield code="a">Environnement et développement du Tiers Monde</subfield><subfield code="0">(IDREF)027968170</subfield></datafield><datafield ind1=" " ind2="0" tag="830"><subfield code="a">Environnement africain</subfield><subfield code="p">Etudes et recherches</subfield><subfield code="v">208</subfield><subfield code="w">(RERO)0465222-41slsp</subfield></datafield><datafield ind1=" " ind2="0" tag="830"><subfield code="a">Etudes et recherches</subfield><subfield code="v">208</subfield><subfield code="w">(IDSBB)000681864DSV01</subfield></datafield><datafield ind1=" " ind2=" " tag="900"><subfield code="a">REROnoselfmerge</subfield></datafield></record>
</metadata></record>