<record><header><identifier>oai:alma.41SLSP_UGE:991000011699705502</identifier><datestamp>2023-03-01T01:08:58Z</datestamp><setSpec>uge_bcen_RapidILL_BOOK</setSpec><setSpec>uge_aaca_RapidILL_BOOK</setSpec><setSpec>uge_abels_RapidILL_BOOK</setSpec><setSpec>uge_dbu_RapidILL_BOOK</setSpec><setSpec>uge_cmu_RapidILL_BOOK</setSpec><setSpec>uge_mail_RapidILL_BOOK</setSpec><setSpec>UNIGE_ALL</setSpec><setSpec>uge_abbat_RapidILL_BOOK</setSpec><setSpec>uge_aobs_RapidILL_BOOK</setSpec><setSpec>uge_acar_RapidILL_BOOK</setSpec></header><metadata>
<record xmlns="http://www.loc.gov/MARC21/slim" xmlns:xsi="http://www.w3.org/2001/XMLSchema-instance" xsi:schemaLocation="http://www.loc.gov/MARC21/slim http://www.loc.gov/standards/marcxml/schema/MARC21slim.xsd"><leader>01317nam a2200337 c 4500</leader><controlfield tag="001">991000011699705502</controlfield><controlfield tag="005">20201230231918.0</controlfield><controlfield tag="008">201011s1968    ne ||||| |||| 00| ||eng d</controlfield><datafield ind1=" " ind2=" " tag="035"><subfield code="a">(swissbib)223495654-41slsp_network</subfield></datafield><datafield ind1=" " ind2=" " tag="035"><subfield code="a">223495654</subfield><subfield code="9">ExL</subfield></datafield><datafield ind1=" " ind2=" " tag="035"><subfield code="a">(RERO)R003084752-41slsp</subfield></datafield><datafield ind1=" " ind2=" " tag="035"><subfield code="a">(NEBIS)001708393EBI01</subfield></datafield><datafield ind1=" " ind2=" " tag="035"><subfield code="a">(EXLNZ-41SLSP_NETWORK)991137212209705501</subfield></datafield><datafield ind1=" " ind2=" " tag="040"><subfield code="a">RERO neubc-</subfield><subfield code="d">CH-ZuSLS</subfield></datafield><datafield ind1="1" ind2=" " tag="041"><subfield code="a">eng</subfield><subfield code="h">rus</subfield></datafield><datafield ind1=" " ind2="7" tag="072"><subfield code="a">ma</subfield><subfield code="2">rero</subfield></datafield><datafield ind1=" " ind2="7" tag="072"><subfield code="a">py</subfield><subfield code="2">rero</subfield></datafield><datafield ind1="1" ind2=" " tag="100"><subfield code="a">Vekua, Ilya Nestorovich</subfield><subfield code="d">1907-1977</subfield><subfield code="0">(IDREF)07570093X</subfield><subfield code="4">cre</subfield></datafield><datafield ind1="1" ind2="0" tag="245"><subfield code="a">New methods for solving elliptic equations</subfield><subfield code="c">by I.N. Vekua ; transl. from the Russian by D.E. Brown ; transl. ed. by A.B. Tayler</subfield></datafield><datafield ind1=" " ind2=" " tag="250"><subfield code="a">[2nd print.]</subfield></datafield><datafield ind1=" " ind2="1" tag="264"><subfield code="a">Amsterdam [etc.]</subfield><subfield code="b">North-Holland</subfield><subfield code="a">New York</subfield><subfield code="b">J.Wiley</subfield><subfield code="c">1968</subfield></datafield><datafield ind1=" " ind2=" " tag="300"><subfield code="a">XII, 358 p.</subfield><subfield code="c">23 cm</subfield></datafield><datafield ind1=" " ind2=" " tag="336"><subfield code="b">txt</subfield><subfield code="2">rdacontent</subfield></datafield><datafield ind1=" " ind2=" " tag="337"><subfield code="b">n</subfield><subfield code="2">rdamedia</subfield></datafield><datafield ind1=" " ind2=" " tag="338"><subfield code="b">nc</subfield><subfield code="2">rdacarrier</subfield></datafield><datafield ind1="1" ind2=" " tag="490"><subfield code="a">North-Holland Series in Applied Mathematics and Mechanics</subfield><subfield code="v">vol. 1</subfield></datafield><datafield ind1=" " ind2=" " tag="500"><subfield code="a">Trad. de: Novye metody rešenija elliptičeskich uravneii</subfield></datafield><datafield ind1=" " ind2=" " tag="504"><subfield code="a">Bibliogr.: p. 350-356</subfield></datafield><datafield ind1="1" ind2=" " tag="700"><subfield code="a">Vekua, I.N.</subfield></datafield><datafield ind1=" " ind2=" " tag="830"><subfield code="a">North-Holland series in applied mathematics and mechanics</subfield><subfield code="v">1 PR.2</subfield><subfield code="w">(NEBIS)000024019EBI01</subfield></datafield><datafield ind1=" " ind2=" " tag="830"><subfield code="a">North-Holland Series in Applied Mathematics and Mechanics</subfield><subfield code="v">1</subfield><subfield code="w">(RERO)0141702-41slsp</subfield></datafield><datafield ind1=" " ind2=" " tag="900"><subfield code="a">REROnoselfmerge</subfield></datafield></record>
</metadata></record>