<record><header><identifier>oai:alma.41SLSP_UGE:991000011489705502</identifier><datestamp>2024-03-08T01:26:14Z</datestamp><setSpec>uge_bcen_RapidILL_BOOK</setSpec><setSpec>uge_aaca_RapidILL_BOOK</setSpec><setSpec>uge_abels_RapidILL_BOOK</setSpec><setSpec>uge_dbu_RapidILL_BOOK</setSpec><setSpec>uge_cmu_RapidILL_BOOK</setSpec><setSpec>uge_mail_RapidILL_BOOK</setSpec><setSpec>uge_abbat_RapidILL_BOOK</setSpec><setSpec>UNIGE_ALL</setSpec><setSpec>uge_aobs_RapidILL_BOOK</setSpec><setSpec>uge_acar_RapidILL_BOOK</setSpec></header><metadata>
<record xmlns="http://www.loc.gov/MARC21/slim" xmlns:xsi="http://www.w3.org/2001/XMLSchema-instance" xsi:schemaLocation="http://www.loc.gov/MARC21/slim http://www.loc.gov/standards/marcxml/schema/MARC21slim.xsd"><leader>02843nam a2200661 c 4500</leader><controlfield tag="001">991000011489705502</controlfield><controlfield tag="005">20240307231838.0</controlfield><controlfield tag="008">201012s2000    gw            00| | ger  </controlfield><datafield ind1=" " ind2=" " tag="020"><subfield code="a">3618608004</subfield><subfield code="q">Leinen Einzelbezug</subfield></datafield><datafield ind1=" " ind2=" " tag="020"><subfield code="a">3618608055</subfield><subfield code="q">Leder Einzelbezug</subfield></datafield><datafield ind1="7" ind2=" " tag="024"><subfield code="a">http://catalogue.bnf.fr/ark:/12148/cb391356995</subfield><subfield code="2">uri</subfield></datafield><datafield ind1=" " ind2=" " tag="035"><subfield code="a">(swissbib)239545087-41slsp_network</subfield></datafield><datafield ind1=" " ind2=" " tag="035"><subfield code="a">239545087</subfield><subfield code="9">ExL</subfield></datafield><datafield ind1=" " ind2=" " tag="035"><subfield code="a">(IDSLU)000206937ILU01</subfield></datafield><datafield ind1=" " ind2=" " tag="035"><subfield code="a">(NEBIS)003897290EBI01</subfield></datafield><datafield ind1=" " ind2=" " tag="035"><subfield code="a">(IDSBB)002039574DSV01</subfield></datafield><datafield ind1=" " ind2=" " tag="035"><subfield code="a">(IDSSG)000434541HSB01</subfield></datafield><datafield ind1=" " ind2=" " tag="035"><subfield code="a">(RERO)R270101560-41slsp</subfield></datafield><datafield ind1=" " ind2=" " tag="035"><subfield code="a">(ABN)000127642ABN01</subfield></datafield><datafield ind1=" " ind2=" " tag="035"><subfield code="a">(EXLNZ-41SLSP_NETWORK)991075107689705501</subfield></datafield><datafield ind1=" " ind2=" " tag="040"><subfield code="a">ZBZ</subfield><subfield code="e">kids</subfield><subfield code="d">CH-ZuSLS</subfield></datafield><datafield ind1=" " ind2="7" tag="072"><subfield code="a">nd</subfield><subfield code="2">SzZuIDS BS/BE</subfield></datafield><datafield ind1=" " ind2="7" tag="072"><subfield code="a">al</subfield><subfield code="2">rero</subfield></datafield><datafield ind1="0" ind2="4" tag="082"><subfield code="a">838/.609 19</subfield><subfield code="2">22ger</subfield></datafield><datafield ind1="0" ind2="4" tag="082"><subfield code="a">838/.609</subfield><subfield code="2">19</subfield></datafield><datafield ind1="1" ind2="4" tag="082"><subfield code="a">834.6</subfield><subfield code="2">22</subfield></datafield><datafield ind1="1" ind2="4" tag="082"><subfield code="a">838.6</subfield><subfield code="2">21</subfield></datafield><datafield ind1="1" ind2="4" tag="082"><subfield code="a">830</subfield><subfield code="2">15</subfield></datafield><datafield ind1=" " ind2=" " tag="084"><subfield code="a">CF 4400</subfield><subfield code="2">rvk</subfield></datafield><datafield ind1=" " ind2=" " tag="084"><subfield code="a">GK 4905</subfield><subfield code="2">rvk</subfield></datafield><datafield ind1="1" ind2=" " tag="100"><subfield code="a">Herder, Johann Gottfried &lt;&lt;von&gt;&gt;</subfield><subfield code="d">1744-1803</subfield><subfield code="0">(DE-588)118549553</subfield></datafield><datafield ind1="1" ind2="0" tag="245"><subfield code="a">Adrastea</subfield><subfield code="b">(Auswahl)</subfield><subfield code="c">Johann Gottfried Herder ; hrsg. von Günter Arnold</subfield></datafield><datafield ind1=" " ind2="1" tag="264"><subfield code="a">Frankfurt am Main</subfield><subfield code="b">Deutscher Klassiker-Verl.</subfield><subfield code="c">2000</subfield></datafield><datafield ind1=" " ind2=" " tag="300"><subfield code="a">1569 S.</subfield><subfield code="b">Ill.</subfield><subfield code="c">19 cm</subfield></datafield><datafield ind1=" " ind2=" " tag="336"><subfield code="b">txt</subfield><subfield code="2">rdacontent</subfield></datafield><datafield ind1=" " ind2=" " tag="337"><subfield code="b">n</subfield><subfield code="2">rdamedia</subfield></datafield><datafield ind1=" " ind2=" " tag="338"><subfield code="b">nc</subfield><subfield code="2">rdacarrier</subfield></datafield><datafield ind1="1" ind2=" " tag="490"><subfield code="a">Werke / Johann Gottfried Herder (Deutscher Klassiker-Verl.)</subfield><subfield code="v">Bd. 10</subfield></datafield><datafield ind1="1" ind2=" " tag="490"><subfield code="a">Werke in zehn Bänden / Johann Gottfried Herder</subfield><subfield code="v">Bd. 10</subfield></datafield><datafield ind1="1" ind2=" " tag="490"><subfield code="a">Bibliothek deutscher Klassiker</subfield><subfield code="v">170</subfield></datafield><datafield ind1="1" ind2="0" tag="600"><subfield code="a">Herder, Johann Gottfried</subfield><subfield code="d">1744-1803</subfield><subfield code="x">Criticism and interpretation</subfield></datafield><datafield ind1=" " ind2="7" tag="648"><subfield code="a">Geschichte 1500-1830</subfield><subfield code="2">gnd</subfield></datafield><datafield ind1=" " ind2="7" tag="650"><subfield code="a">Ästhetik</subfield><subfield code="0">(DE-588)4000626-8</subfield><subfield code="2">gnd</subfield></datafield><datafield ind1=" " ind2="7" tag="650"><subfield code="a">Kunst</subfield><subfield code="0">(DE-588)4114333-4</subfield><subfield code="2">gnd</subfield></datafield><datafield ind1=" " ind2="7" tag="650"><subfield code="a">Kunstkritik</subfield><subfield code="0">(DE-588)4033659-1</subfield><subfield code="2">gnd</subfield></datafield><datafield ind1=" " ind2="7" tag="651"><subfield code="a">Deutschland</subfield><subfield code="0">(DE-588)4011882-4</subfield><subfield code="2">gnd</subfield></datafield><datafield ind1=" " ind2=" " tag="690"><subfield code="a">Auswahl; Adrastea; Klassiker; Kommentar; Register; Verlag</subfield><subfield code="2">idssg-J</subfield></datafield><datafield ind1=" " ind2=" " tag="690"><subfield code="a">deutscher Klassiker</subfield><subfield code="2">idssg-J</subfield></datafield><datafield ind1=" " ind2=" " tag="690"><subfield code="a">Auswahl Kommentar Register; GOTTFRIED HERDER ADRASTEA; Herder ADRASTEA; Johann GOTTFRIED HERDER ADRASTEA</subfield><subfield code="2">idssg-J</subfield></datafield><datafield ind1="1" ind2=" " tag="700"><subfield code="a">Herder, Johann Gottfried</subfield></datafield><datafield ind1="1" ind2=" " tag="700"><subfield code="a">Herder, Johann Gottfried von</subfield><subfield code="d">1744-1803</subfield><subfield code="0">(IDREF)026919869</subfield><subfield code="4">cre</subfield></datafield><datafield ind1="1" ind2=" " tag="700"><subfield code="a">Arnold, Günter</subfield><subfield code="0">(RERO)A002939819</subfield></datafield><datafield ind1="1" ind2=" " tag="800"><subfield code="a">Herder, Johann Gottfried</subfield><subfield code="d">1744-1803</subfield><subfield code="t">Werke in zehn Bänden</subfield><subfield code="v">10</subfield><subfield code="w">(IDSSG)000434364HSB01</subfield></datafield><datafield ind1="1" ind2=" " tag="800"><subfield code="a">Herder, Johann Gottfried &lt;&lt;von&gt;&gt;</subfield><subfield code="d">1744-1803</subfield><subfield code="t">Werke</subfield><subfield code="v">10</subfield><subfield code="w">(IDSLU)000132403ILU01</subfield></datafield><datafield ind1=" " ind2="0" tag="830"><subfield code="a">Bibliothek deutscher Klassiker</subfield><subfield code="v">170</subfield><subfield code="w">(IDSLU)000191451ILU01</subfield></datafield><datafield ind1=" " ind2="0" tag="830"><subfield code="a">Bibliothek deutscher Klassiker</subfield><subfield code="p">Deutscher Klassiker Verl</subfield><subfield code="v">170</subfield><subfield code="w">(RERO)0678333-41slsp</subfield></datafield><datafield ind1="4" ind2=" " tag="856"><subfield code="3">Inhaltsverzeichnis</subfield><subfield code="u">https://www.ub.unibas.ch/tox/IDSLUZ/000206937/PDF</subfield><subfield code="q">pdf</subfield></datafield><datafield ind1=" " ind2=" " tag="900"><subfield code="a">IDSZ2zbzmon200006e</subfield><subfield code="c">IDSZ2sidl</subfield><subfield code="d">IDSZ2zbzswk200006k</subfield><subfield code="e">IDSZ2groc</subfield></datafield><datafield ind1=" " ind2=" " tag="949"><subfield code="a">https://www.ub.unibas.ch/tox/IDSLUZ/000206937/PDF</subfield></datafield></record>
</metadata></record>