<record><header><identifier>oai:alma.41SLSP_UGE:991000012139705502</identifier><datestamp>2024-04-12T00:17:49Z</datestamp><setSpec>uge_bcen_RapidILL_BOOK</setSpec><setSpec>uge_aaca_RapidILL_BOOK</setSpec><setSpec>uge_abels_RapidILL_BOOK</setSpec><setSpec>uge_dbu_RapidILL_BOOK</setSpec><setSpec>uge_cmu_RapidILL_BOOK</setSpec><setSpec>uge_mail_RapidILL_BOOK</setSpec><setSpec>uge_abbat_RapidILL_BOOK</setSpec><setSpec>UNIGE_ALL</setSpec><setSpec>uge_acar_RapidILL_BOOK</setSpec><setSpec>uge_aobs_RapidILL_BOOK</setSpec></header><metadata>
<record xmlns="http://www.loc.gov/MARC21/slim" xmlns:xsi="http://www.w3.org/2001/XMLSchema-instance" xsi:schemaLocation="http://www.loc.gov/MARC21/slim http://www.loc.gov/standards/marcxml/schema/MARC21slim.xsd"><leader>02293nam a2200361 c 4500</leader><controlfield tag="001">991000012139705502</controlfield><controlfield tag="005">20230405194901.0</controlfield><controlfield tag="008">201012s2013    fr ||||| |||| 00| ||fre d</controlfield><datafield ind1=" " ind2=" " tag="020"><subfield code="a">9782842761882</subfield></datafield><datafield ind1="7" ind2=" " tag="024"><subfield code="a">http://catalogue.bnf.fr/ark:/12148/cb435285710</subfield><subfield code="2">uri</subfield></datafield><datafield ind1=" " ind2=" " tag="035"><subfield code="a">(swissbib)238988198-41slsp_network</subfield></datafield><datafield ind1=" " ind2=" " tag="035"><subfield code="a">238988198</subfield><subfield code="9">ExL</subfield></datafield><datafield ind1=" " ind2=" " tag="035"><subfield code="a">(RERO)R007168951-41slsp</subfield></datafield><datafield ind1=" " ind2=" " tag="035"><subfield code="a">(IDSBB)006320443DSV01</subfield></datafield><datafield ind1=" " ind2=" " tag="035"><subfield code="a">(EXLNZ-41SLSP_NETWORK)991071387969705501</subfield></datafield><datafield ind1=" " ind2=" " tag="040"><subfield code="a">RERO laiuhm</subfield><subfield code="d">CH-ZuSLS</subfield></datafield><datafield ind1=" " ind2="7" tag="072"><subfield code="a">me</subfield><subfield code="2">rero</subfield></datafield><datafield ind1="0" ind2="0" tag="245"><subfield code="a">&lt;&lt;La&gt;&gt; clinique</subfield><subfield code="b">usages et valeurs : approches plurielles pour comprendre l'évolution de la médecine</subfield><subfield code="c">dir. par Céline Lefève, Gilles Barroux</subfield></datafield><datafield ind1=" " ind2="1" tag="264"><subfield code="a">Paris</subfield><subfield code="b">Seli Arslan</subfield><subfield code="c">2013</subfield></datafield><datafield ind1=" " ind2=" " tag="300"><subfield code="a">187 p.</subfield><subfield code="b">ill.</subfield></datafield><datafield ind1=" " ind2=" " tag="336"><subfield code="b">txt</subfield><subfield code="2">rdacontent</subfield></datafield><datafield ind1=" " ind2=" " tag="337"><subfield code="b">n</subfield><subfield code="2">rdamedia</subfield></datafield><datafield ind1=" " ind2=" " tag="338"><subfield code="b">nc</subfield><subfield code="2">rdacarrier</subfield></datafield><datafield ind1="0" ind2=" " tag="505"><subfield code="a">[Table des matières]. - L'élaboration de la clinique. L'exemple des consultations épistolaires. - Le médecin au temps des Lumières : quelle pratique, quelle clinique ?. - La méthode clinique entre exigence scientifique et outil administratif. - Quelle place pour la clinique dans la formation éthique des futurs médecins ? Fondements philosophiques et exemples d'enseignement d'éthique utilisant le cinéma. - En quête d'un monde moral commun : le récit au service d'une interrogation éthique partagée en contexte de décision médicale. - Ambivalence de la clinique : de l'ordre du discours à la lecture du désordre. - Médecine complémentaire et médecine conventionnelle : la rencontre de différentes cliniques. L'acupuncture dans une structure publique de santé. - De nouveaux problèmes dans de vieux espaces. La clinique et le traitement de la dépendance aux opiacés en Amérique du Nord. - Approche clinique, désuétude et modernité.</subfield></datafield><datafield ind1=" " ind2="7" tag="650"><subfield code="a">Consultation médicale</subfield><subfield code="0">(IDREF)027820645</subfield><subfield code="2">idref</subfield></datafield><datafield ind1=" " ind2="7" tag="650"><subfield code="a">Médecine clinique</subfield><subfield code="0">(IDREF)027238989</subfield><subfield code="2">idref</subfield></datafield><datafield ind1=" " ind2="7" tag="650"><subfield code="a">Éthique médicale</subfield><subfield code="0">(IDREF)02723911X</subfield><subfield code="2">idref</subfield></datafield><datafield ind1=" " ind2="7" tag="650"><subfield code="a">Relations médecin-patient</subfield><subfield code="0">(IDREF)027369072</subfield><subfield code="2">idref</subfield></datafield><datafield ind1=" " ind2="2" tag="650"><subfield code="a">Clinical Medicine</subfield><subfield code="x">history</subfield></datafield><datafield ind1=" " ind2="2" tag="650"><subfield code="a">Ethics, Medical</subfield></datafield><datafield ind1=" " ind2="2" tag="650"><subfield code="a">Physician-Patient Relations</subfield></datafield><datafield ind1="1" ind2=" " tag="700"><subfield code="a">Lefève, Céline</subfield><subfield code="d">1971-....</subfield><subfield code="0">(IDREF)091605059</subfield></datafield><datafield ind1="1" ind2=" " tag="700"><subfield code="a">Barroux, Gilles</subfield><subfield code="c">philosophe</subfield><subfield code="d">1961-....</subfield><subfield code="0">(IDREF)08576812X</subfield></datafield><datafield ind1=" " ind2=" " tag="900"><subfield code="a">REROnoselfmerge</subfield></datafield></record>
</metadata></record>