<record><header><identifier>oai:alma.41SLSP_UGE:991000011719705502</identifier><datestamp>2023-03-01T01:08:58Z</datestamp><setSpec>uge_bcen_RapidILL_BOOK</setSpec><setSpec>uge_aaca_RapidILL_BOOK</setSpec><setSpec>uge_abels_RapidILL_BOOK</setSpec><setSpec>uge_dbu_RapidILL_BOOK</setSpec><setSpec>uge_cmu_RapidILL_BOOK</setSpec><setSpec>uge_mail_RapidILL_BOOK</setSpec><setSpec>UNIGE_ALL</setSpec><setSpec>uge_abbat_RapidILL_BOOK</setSpec><setSpec>uge_aobs_RapidILL_BOOK</setSpec><setSpec>uge_acar_RapidILL_BOOK</setSpec></header><metadata>
<record xmlns="http://www.loc.gov/MARC21/slim" xmlns:xsi="http://www.w3.org/2001/XMLSchema-instance" xsi:schemaLocation="http://www.loc.gov/MARC21/slim http://www.loc.gov/standards/marcxml/schema/MARC21slim.xsd"><leader>02708nam a2200289 c 4500</leader><controlfield tag="001">991000011719705502</controlfield><controlfield tag="005">20201227142727.0</controlfield><controlfield tag="008">971231s1957    ua ||||| |||| 00| ||ara d</controlfield><datafield ind1=" " ind2=" " tag="035"><subfield code="a">(swissbib)092745199-41slsp_network</subfield></datafield><datafield ind1=" " ind2=" " tag="035"><subfield code="a">092745199</subfield><subfield code="9">ExL</subfield></datafield><datafield ind1=" " ind2=" " tag="035"><subfield code="a">(RERO)R222796960-41slsp</subfield></datafield><datafield ind1=" " ind2=" " tag="035"><subfield code="a">(EXLNZ-41SLSP_NETWORK)991155852859705501</subfield></datafield><datafield ind1=" " ind2=" " tag="040"><subfield code="a">RERO geular</subfield><subfield code="d">CH-ZuSLS</subfield></datafield><datafield ind1=" " ind2="7" tag="072"><subfield code="a">hm</subfield><subfield code="2">rero</subfield></datafield><datafield ind1="1" ind2=" " tag="100"><subfield code="6">880-01</subfield><subfield code="a">Balādhurī, Aḥmad ibn Yaḥyā</subfield><subfield code="0">(RERO)A013708051</subfield><subfield code="4">cre</subfield></datafield><datafield ind1="1" ind2=" " tag="880"><subfield code="6">100-01/(3/r</subfield><subfield code="a">بلاذري، أحمد بن يحيى</subfield></datafield><datafield ind1="1" ind2="0" tag="245"><subfield code="6">880-02</subfield><subfield code="a">Kitāb futūḥ al-buldān</subfield><subfield code="c">taʾlīf Aḥmad ibn Yaḥyá ibn Jābir al-maʿrūf bi-al-Balādhurī ; nasharahu wa-waḍaʿa malāḥiqahu wa-fahārisahu Ṣalāḥ al-Dīn al-Munajjid</subfield></datafield><datafield ind1="1" ind2="0" tag="880"><subfield code="6">245-02/(3/r</subfield><subfield code="a">كتاب فتوح البلدان</subfield><subfield code="c">تأليف أحمد بن يحيى بن جابر المعروف بالبلاذري ; نشره ووضع ملاحقه وفهارسه الدين المنجد</subfield></datafield><datafield ind1="1" ind2=" " tag="246"><subfield code="a">Kitāb futūḥ al-buldān / taʾlīf Aḥmad Ibn Yaḥyā Ibn Ǧābir al-maʿrūf bi al-Balāḏurī ; našarahu wa waḍaʿa malāḥiqahu wa fahārisahu Ṣalāḥ ad-Dīn al-Munaǧǧid</subfield></datafield><datafield ind1=" " ind2="1" tag="264"><subfield code="6">880-03</subfield><subfield code="a">Al-Qāhira</subfield><subfield code="b">Maktaba an-nahḍa al-miṣriyya</subfield><subfield code="c">1957</subfield></datafield><datafield ind1=" " ind2="1" tag="880"><subfield code="6">264-03/(3/r</subfield><subfield code="a">القاهرة</subfield><subfield code="b">مكتبة النهضة المصرية</subfield><subfield code="c">1957</subfield></datafield><datafield ind1=" " ind2=" " tag="300"><subfield code="a">3 vol. (793 p.)</subfield><subfield code="b">ill.</subfield><subfield code="c">25 cm</subfield></datafield><datafield ind1=" " ind2=" " tag="336"><subfield code="b">txt</subfield><subfield code="2">rdacontent</subfield></datafield><datafield ind1=" " ind2=" " tag="337"><subfield code="b">n</subfield><subfield code="2">rdamedia</subfield></datafield><datafield ind1=" " ind2=" " tag="338"><subfield code="b">nc</subfield><subfield code="2">rdacarrier</subfield></datafield><datafield ind1="1" ind2=" " tag="700"><subfield code="6">880-04</subfield><subfield code="a">Munaǧǧid, Ṣalāḥ al-Dīn al-</subfield><subfield code="d">1920-2010</subfield><subfield code="0">(IDREF)050607332</subfield></datafield><datafield ind1="1" ind2=" " tag="880"><subfield code="6">700-04/(3/r</subfield><subfield code="a">منجد، صلاح الدين</subfield></datafield><datafield ind1=" " ind2=" " tag="900"><subfield code="a">REROnoselfmerge</subfield></datafield></record>
</metadata></record>