<record><header><identifier>oai:alma.41SLSP_UGE:991000011819705502</identifier><datestamp>2023-07-03T00:41:51Z</datestamp><setSpec>uge_bcen_RapidILL_BOOK</setSpec><setSpec>uge_aaca_RapidILL_BOOK</setSpec><setSpec>uge_abels_RapidILL_BOOK</setSpec><setSpec>uge_dbu_RapidILL_BOOK</setSpec><setSpec>uge_cmu_RapidILL_BOOK</setSpec><setSpec>uge_mail_RapidILL_BOOK</setSpec><setSpec>uge_abbat_RapidILL_BOOK</setSpec><setSpec>UNIGE_ALL</setSpec><setSpec>uge_aobs_RapidILL_BOOK</setSpec><setSpec>uge_acar_RapidILL_BOOK</setSpec></header><metadata>
<record xmlns="http://www.loc.gov/MARC21/slim" xmlns:xsi="http://www.w3.org/2001/XMLSchema-instance" xsi:schemaLocation="http://www.loc.gov/MARC21/slim http://www.loc.gov/standards/marcxml/schema/MARC21slim.xsd"><leader>03119nam a2200505 c 4500</leader><controlfield tag="001">991000011819705502</controlfield><controlfield tag="005">20230702062821.0</controlfield><controlfield tag="008">201012s1984    xxu||||| |||| 00| ||eng d</controlfield><datafield ind1=" " ind2=" " tag="020"><subfield code="a">0803913060</subfield><subfield code="q">pbk.</subfield></datafield><datafield ind1=" " ind2=" " tag="020"><subfield code="a">9780803913066</subfield></datafield><datafield ind1=" " ind2=" " tag="035"><subfield code="a">(swissbib)240245954-41slsp_network</subfield></datafield><datafield ind1=" " ind2=" " tag="035"><subfield code="a">240245954</subfield><subfield code="9">ExL</subfield></datafield><datafield ind1=" " ind2=" " tag="035"><subfield code="a">(RERO)0729020-41slsp</subfield></datafield><datafield ind1=" " ind2=" " tag="035"><subfield code="a">(NEBIS)004096582EBI01</subfield></datafield><datafield ind1=" " ind2=" " tag="035"><subfield code="a">(IDSSG)000058015HSB01</subfield></datafield><datafield ind1=" " ind2=" " tag="035"><subfield code="a">(EXLNZ-41SLSP_NETWORK)991069998909705501</subfield></datafield><datafield ind1=" " ind2=" " tag="040"><subfield code="a">RERO laidap</subfield><subfield code="d">CH-ZuSLS</subfield></datafield><datafield ind1=" " ind2=" " tag="050"><subfield code="a">GN502</subfield><subfield code="b">.H63 1982</subfield></datafield><datafield ind1=" " ind2="7" tag="072"><subfield code="a">et</subfield><subfield code="2">rero</subfield></datafield><datafield ind1=" " ind2="7" tag="072"><subfield code="a">so</subfield><subfield code="2">rero</subfield></datafield><datafield ind1="0" ind2="4" tag="082"><subfield code="a">155.8</subfield><subfield code="2">19</subfield></datafield><datafield ind1="1" ind2=" " tag="100"><subfield code="a">Hofstede, Geert</subfield><subfield code="0">(RERO)A003378267</subfield><subfield code="4">cre</subfield><subfield code="6">880-01</subfield></datafield><datafield ind1="1" ind2=" " tag="880"><subfield code="a">Hofstede, Geert</subfield><subfield code="d">1928-2020</subfield><subfield code="0">(DE-588)115559736</subfield><subfield code="6">100-01</subfield></datafield><datafield ind1="1" ind2="0" tag="245"><subfield code="a">Culture's consequences</subfield><subfield code="b">international differences in work-related values</subfield><subfield code="c">Geert Hofstede</subfield></datafield><datafield ind1=" " ind2=" " tag="250"><subfield code="a">Abridged ed.</subfield></datafield><datafield ind1=" " ind2="1" tag="264"><subfield code="a">Beverly Hills</subfield><subfield code="a">London [etc.]</subfield><subfield code="b">Sage</subfield><subfield code="c">[1984]</subfield></datafield><datafield ind1=" " ind2="4" tag="264"><subfield code="c">© 1984</subfield></datafield><datafield ind1=" " ind2=" " tag="300"><subfield code="a">325 p.</subfield><subfield code="b">ill.</subfield><subfield code="c">22 cm</subfield></datafield><datafield ind1=" " ind2=" " tag="336"><subfield code="b">txt</subfield><subfield code="2">rdacontent</subfield></datafield><datafield ind1=" " ind2=" " tag="337"><subfield code="b">n</subfield><subfield code="2">rdamedia</subfield></datafield><datafield ind1=" " ind2=" " tag="338"><subfield code="b">nc</subfield><subfield code="2">rdacarrier</subfield></datafield><datafield ind1="1" ind2=" " tag="490"><subfield code="a">Cross-cultural research and methodology series</subfield><subfield code="v">vol. 5</subfield></datafield><datafield ind1=" " ind2=" " tag="504"><subfield code="a">Includes bibliographical references (p. 291-307) and indexes</subfield></datafield><datafield ind1=" " ind2="7" tag="650"><subfield code="a">culture nationale</subfield><subfield code="0">(RERO)A010070732</subfield><subfield code="2">rerovoc</subfield></datafield><datafield ind1=" " ind2="7" tag="650"><subfield code="a">Ethnopsychologie</subfield><subfield code="0">(IDREF)02745178X</subfield><subfield code="2">idref</subfield></datafield><datafield ind1=" " ind2="7" tag="650"><subfield code="a">Multinationales Unternehmen</subfield><subfield code="0">(DE-588)4075092-9</subfield><subfield code="2">gnd</subfield></datafield><datafield ind1=" " ind2="7" tag="650"><subfield code="a">Organisationsplanung</subfield><subfield code="0">(DE-588)4121432-8</subfield><subfield code="2">gnd</subfield></datafield><datafield ind1=" " ind2="7" tag="650"><subfield code="a">Nationalcharakter</subfield><subfield code="0">(DE-588)4137343-1</subfield><subfield code="2">gnd</subfield></datafield><datafield ind1=" " ind2="7" tag="650"><subfield code="a">Kulturvergleich</subfield><subfield code="0">(DE-588)4114328-0</subfield><subfield code="2">gnd</subfield></datafield><datafield ind1=" " ind2="7" tag="650"><subfield code="a">Wert</subfield><subfield code="0">(DE-588)4065654-8</subfield><subfield code="2">gnd</subfield></datafield><datafield ind1=" " ind2=" " tag="690"><subfield code="a">Bundesgerichtsentscheid; Grundschulunterricht; Grundlegung; Grundrechtseinschränkung; Lehrperson; Religionsfreiheit; Religionsunterricht; Schutzbereich; Sonderstatusverhältnis; Religionsrecht; Abkürzungsverzeichnis; Literaturverzeichnis; Materialienverzeichnis; Schulgebet; Bürgerpflicht; Glaubensfreiheit; Kerngehalt; Kopftuchfall; Kruzifixfall; Leitplanke; Rechtsbegriff; Schlussfolgerunge; Schulhoheit; Schulzimmer; Schwarzenberger; Schwimmunterrichtsfall; Spannungsfeld</subfield><subfield code="2">idssg-J</subfield></datafield><datafield ind1=" " ind2=" " tag="690"><subfield code="a">konfessionelle Schule; religiöse Identität; allgemeinbildender Unterricht; beteiligte Person; christliche Grundlegung; gebundenes Krippenspiel; gebundenes Lied; geschichtliche Entwicklung; kantonale Schulhoheit; konfessionelle Hinsicht; konfessionelle Neutralität; neutraler Unterricht; persönlicher Schutzbereich; publizierter Bundesgerichtsentscheid; rechtliche Grundlage; rechtliche Leitplanke; religionsrechtlicher Anspruch; religionsrechtliche Parität; religiöse Bekleidung; religiöses Grundrecht; religiöse Neutralität; religiöses Symbol; sachlicher Schutzbereich; schweizerisches Religionsrecht; staatliche Aufsicht; staatliche Leitung; verschiedener Anspruch; verschiedenes Interesse; weltanschauliche Identität; öffentliche Schule</subfield><subfield code="2">idssg-J</subfield></datafield><datafield ind1="4" ind2=" " tag="856"><subfield code="u">https://tools.unisg.ch/url/hm00378936</subfield><subfield code="z">Inhaltsverzeichnis</subfield></datafield><datafield ind1=" " ind2="0" tag="830"><subfield code="a">Cross-cultural research and methodology series</subfield><subfield code="v">5</subfield><subfield code="w">(NEBIS)001002698EBI01</subfield></datafield><datafield ind1=" " ind2=" " tag="900"><subfield code="a">IDSE5E50ANH-2002</subfield></datafield><datafield ind1=" " ind2=" " tag="949"><subfield code="a">https://tools.unisg.ch/url/hm00378936</subfield></datafield></record>
</metadata></record>