<record><header><identifier>oai:alma.41SLSP_UGE:991000011399705502</identifier><datestamp>2023-03-01T01:08:58Z</datestamp><setSpec>uge_bcen_RapidILL_BOOK</setSpec><setSpec>uge_aaca_RapidILL_BOOK</setSpec><setSpec>uge_abels_RapidILL_BOOK</setSpec><setSpec>uge_dbu_RapidILL_BOOK</setSpec><setSpec>uge_cmu_RapidILL_BOOK</setSpec><setSpec>uge_mail_RapidILL_BOOK</setSpec><setSpec>UNIGE_ALL</setSpec><setSpec>uge_abbat_RapidILL_BOOK</setSpec><setSpec>uge_aobs_RapidILL_BOOK</setSpec><setSpec>uge_acar_RapidILL_BOOK</setSpec></header><metadata>
<record xmlns="http://www.loc.gov/MARC21/slim" xmlns:xsi="http://www.w3.org/2001/XMLSchema-instance" xsi:schemaLocation="http://www.loc.gov/MARC21/slim http://www.loc.gov/standards/marcxml/schema/MARC21slim.xsd"><leader>03880nam a2200445 c 4500</leader><controlfield tag="001">991000011399705502</controlfield><controlfield tag="005">20230216202954.0</controlfield><controlfield tag="008">201012t20122012xxk|||||      00| ||eng d</controlfield><datafield ind1=" " ind2=" " tag="020"><subfield code="a">9780335244683</subfield><subfield code="q">paperback</subfield></datafield><datafield ind1=" " ind2=" " tag="020"><subfield code="a">0335244688</subfield><subfield code="q">pbk.</subfield></datafield><datafield ind1=" " ind2=" " tag="035"><subfield code="a">(swissbib)234637498-41slsp_network</subfield></datafield><datafield ind1=" " ind2=" " tag="035"><subfield code="a">234637498</subfield><subfield code="9">ExL</subfield></datafield><datafield ind1=" " ind2=" " tag="035"><subfield code="a">(NEBIS)011347369EBI01</subfield></datafield><datafield ind1=" " ind2=" " tag="035"><subfield code="a">(RERO)R007563796-41slsp</subfield></datafield><datafield ind1=" " ind2=" " tag="035"><subfield code="a">(EXLNZ-41SLSP_NETWORK)991052915419705501</subfield></datafield><datafield ind1=" " ind2=" " tag="040"><subfield code="a">SzZuIDS NEBIS SUPSI-DFA</subfield><subfield code="b">fre</subfield><subfield code="e">rda</subfield><subfield code="d">CH-ZuSLS</subfield></datafield><datafield ind1=" " ind2="4" tag="050"><subfield code="a">LC1200</subfield><subfield code="b">.W47 2012</subfield></datafield><datafield ind1=" " ind2="7" tag="072"><subfield code="a">pe</subfield><subfield code="2">rero</subfield></datafield><datafield ind1="0" ind2="4" tag="082"><subfield code="a">371.9046</subfield><subfield code="2">23</subfield></datafield><datafield ind1="0" ind2="0" tag="245"><subfield code="a">What Works in Inclusion?</subfield><subfield code="c">edited by Christopher Boyle and Keith Topping</subfield></datafield><datafield ind1=" " ind2="1" tag="264"><subfield code="a">Maidenhaed</subfield><subfield code="b">Open University Press</subfield><subfield code="c">[2012]</subfield></datafield><datafield ind1=" " ind2="4" tag="264"><subfield code="c">© 2012</subfield></datafield><datafield ind1=" " ind2=" " tag="300"><subfield code="a">xx, 213 p.</subfield><subfield code="b">ill.</subfield><subfield code="c">24 cm.</subfield></datafield><datafield ind1=" " ind2=" " tag="336"><subfield code="b">txt</subfield><subfield code="2">rdacontent</subfield></datafield><datafield ind1=" " ind2=" " tag="337"><subfield code="b">n</subfield><subfield code="2">rdamedia</subfield></datafield><datafield ind1=" " ind2=" " tag="338"><subfield code="b">nc</subfield><subfield code="2">rdacarrier</subfield></datafield><datafield ind1=" " ind2=" " tag="504"><subfield code="a">Includes bibliographical references and index.</subfield></datafield><datafield ind1="0" ind2=" " tag="505"><subfield code="a">Setting a scene for positive inclusion / Christopher Boyle and Keith Topping -- Conceptions of inclusion : widening ideas / Keith Topping -- Inclusion in the United States : theory and practice / Kim Michaud and Thomas E. Scruggs -- The &quot;Italian model&quot; of full inclusion : origins and current directions / Fraser Lauchlan and Roberta Fadda -- Inclusion in schools : what is the task? / Roger Slee -- How inclusion policy works in the UK (England) : successes and issues / Brahm Norwich -- Inclusive education : best practices in the United States / Spencer Salend and Catharine Whittaker -- Facilitating inclusion through responsive teaching / Adrian F. Ashman -- Teachers make inclusion successful : positive perspectives on inclusion / Christopher Boyle -- Creating and sustaining inclusive schools / Richard A. Villa and Jacqueline S. Thousand -- Developing inclusive practices : innovation through collaboration / Joanne Deppeler -- Beyond the school gates : promoting inclusion through community partnerships / Richard Rose -- How can teacher attitudes, co-teaching and differentiated instruction facilitate inclusion? / Margo A. Mastropieri and Thomas E. Scruggs -- Understanding and addressing barriers to the implementation of inclusive education / Laurel M. Garrick Duhaney -- Systemic barriers to inclusion / Diane Richler -- Inclusive schools in Australia : rhetoric and practice / Robert Conway -- Inclusion comes together piece by piece / Christopher Boyle and Keith Topping</subfield></datafield><datafield ind1="8" ind2=" " tag="520"><subfield code="a">There is a plethora of material on the subject of school inclusion. However, this material is often weighted towards offering definitions and theories of inclusion. Whilst these are useful and important for understanding international perspectives and approaches, the practical scenarios encountered by teachers, by definition, operate on a completely different level. The aim of this book is to highlight such success. This approach has a focus on the realistic aspect of practising inclusive education and facilitating all levels of teacher educational experience to be clear about what variables are likely to make a difference in practice. This is a book that concentrates on how to make inclusion work from the view of internationally established practitioners in the field of teacher education</subfield></datafield><datafield ind1=" " ind2="0" tag="650"><subfield code="a">Inclusive education</subfield></datafield><datafield ind1=" " ind2="0" tag="650"><subfield code="a">Inclusive education</subfield><subfield code="v">Case studies</subfield></datafield><datafield ind1=" " ind2="0" tag="650"><subfield code="a">Mainstreaming in education</subfield></datafield><datafield ind1=" " ind2="0" tag="650"><subfield code="a">Mainstreaming in education</subfield><subfield code="v">Case studies</subfield></datafield><datafield ind1=" " ind2="7" tag="650"><subfield code="a">Intégration scolaire</subfield><subfield code="0">(IDREF)027616908</subfield><subfield code="2">idref</subfield></datafield><datafield ind1=" " ind2="7" tag="650"><subfield code="a">Enfants handicapés</subfield><subfield code="0">(IDREF)027225305</subfield><subfield code="2">idref</subfield></datafield><datafield ind1=" " ind2="7" tag="655"><subfield code="a">Études de cas</subfield><subfield code="0">(IDREF)027588505</subfield><subfield code="2">idref</subfield></datafield><datafield ind1="1" ind2=" " tag="700"><subfield code="a">Topping, Keith</subfield><subfield code="e">éditeur intellectuel</subfield><subfield code="4">edt</subfield></datafield><datafield ind1="1" ind2=" " tag="700"><subfield code="a">Boyle, Christopher</subfield><subfield code="d">1972-</subfield><subfield code="0">(DE-588)1047810565</subfield><subfield code="e">éditeur intellectuel</subfield><subfield code="4">edt</subfield><subfield code="6">880-03</subfield></datafield><datafield ind1="1" ind2=" " tag="880"><subfield code="a">Boyle, Christopher</subfield><subfield code="0">(RERO)A024222379</subfield><subfield code="6">700-03</subfield></datafield><datafield ind1=" " ind2=" " tag="900"><subfield code="a">REROnoselfmerge</subfield></datafield><datafield ind1=" " ind2=" " tag="910"><subfield code="a">OCoLC</subfield><subfield code="b">20131206</subfield><subfield code="c">Droits réservés</subfield></datafield></record>
</metadata></record><resumptionToken>1900-01-01@all@UNIGE_ALL@marc21@5986477070005502</resumptionToken></ListRecords></OAI-PMH>